2310 3682
416 265 567 325 CICERO
589 265 647 323 DE
670 265 838 325 FINIBUS

180 397 234 448 aut
247 393 305 446 ista
319 387 483 447 didicisset.
518 388 560 446 Et
572 388 655 458 quod
668 392 824 459 quaeritur
837 406 927 458 saepe
942 391 1072 443 curtam

181 503 271 562 multi
296 507 359 561 sint
382 503 534 575 Epicurei,
549 510 621 561 sunt
642 502 719 561 aliae
740 521 860 575 quoque
882 519 1000 571 causae,
1018 496 1072 556 sed

181 617 411 676 multitudinem
432 617 508 675 haec
529 621 659 675 maxime
678 617 774 675 allicit
795 616 877 687 quod
897 619 941 673 ita
961 620 1074 686 putant

181 726 241 785 dici
255 727 294 784 ab
308 725 371 797 illo,
381 733 466 784 recta
480 734 513 785 et
526 726 655 784 honesta
669 745 747 797 quae
761 728 832 796 sint,
844 744 880 782 ea
894 723 995 782 facere
1008 727 1074 794 ipsa

127 854 135 879 ⁸
180 855 236 908 per
250 855 282 894 se
296 835 456 907 laetitiam,
470 835 502 893 id
517 843 565 894 est
578 835 776 907 voluptatem.
803 834 954 892 Homines
965 836 1073 904 optimi

181 968 243 1005 non
264 947 451 1020 intellegunt
471 957 568 1008 totam
587 954 736 1007 rationem
752 950 848 1005 everti
868 951 893 1005 si
911 951 954 1004 ita
973 965 1021 1003 res
1041 964 1074 1004 se

182 1056 300 1115 habeat.
326 1057 404 1115 Nam
416 1061 440 1115 si
452 1057 680 1129 concederetur,
692 1060 811 1115 etiamsi
821 1056 861 1113 ad
875 1075 982 1127 corpus
997 1053 1074 1112 nihil

181 1164 339 1238 referatur,
354 1172 412 1226 ista
427 1188 479 1226 sua
494 1175 603 1240 sponte
619 1174 651 1233 et
665 1185 721 1238 per
736 1186 768 1224 se
783 1186 849 1224 esse
863 1164 1004 1234 iucunda,
1019 1182 1075 1235 per

108 1330 111 1334 .
182 1295 214 1333 se
226 1283 307 1334 esset
321 1285 354 1335 et
364 1281 459 1336 virtus
474 1285 507 1335 et
521 1280 655 1348 cognitio
668 1295 779 1347 rerum,
789 1273 870 1345 quod
884 1277 1009 1331 minime
1024 1272 1077 1331 ille

182 1385 256 1456 vult,
272 1386 452 1458 expetenda.

100 1492 139 1553 26
224 1479 337 1552 “Haec
348 1498 442 1566 igitur
453 1494 575 1567 Epicuri
587 1514 648 1551 non
657 1493 780 1566 prob0,'’
792 1496 923 1565 inquam.
942 1477 1016 1550 “De
1026 1510 1075 1549 ce·

180 1610 247 1661 tero
257 1603 369 1661 vellem
381 1602 524 1675 equidem
534 1610 588 1660 aut
602 1606 666 1674 ipse
682 1602 827 1660 doctrinis
842 1600 1075 1658 fuisset'instru-

181 1715 258 1769 ctior
275 1699 336 1780 (est
354 1716 446 1783 enim,
464 1711 545 1782 quod
562 1712 619 1769 tibi
633 1715 675 1769 ita
690 1710 786 1768 videri
800 1729 925 1768 necesse
940 1717 996 1780 est,
1013 1729 1075 1767 non

181 1825 253 1879 satis
267 1821 379 1892 politus
394 1825 429 1878 iis
447 1822 563 1879 artibus
578 1841 650 1892 quas
662 1825 713 1892 qui
725 1828 836 1879 tenent
847 1818 959 1878 eruditi
969 1818 1075 1890 appel-

180 1918 306 2000 lantur),
315 1937 369 1987 aut
377 1949 417 1987 ne
429 1928 627 1987 deterruisset
637 1929 710 1987 alios
721 1950 739 1986 a
750 1928 865 1987 studiis.
882 1927 1075 1999 Quamquam

181 2044 213 2094 te
228 2037 352 2108 quidem
366 2037 454 2095 video
468 2041 593 2095 minime
608 2057 674 2096 esse
688 2037 897 2095 deterritum.''

223 2145 309 2202 VIII.
334 2143 421 2214 Quae
436 2165 505 2202 cum
525 2145 677 2217 dixissem,
692 2150 788 2216 magis
807 2153 842 2204 ut
861 2144 948 2203 illum
967 2165 1075 2216 provo-

181 2277 281 2315 carem
306 2277 397 2328 quam
418 2266 453 2316 ut
473 2261 538 2330 ipse
558 2258 709 2330 loquerer,
723 2266 790 2316 tum
810 2259 941 2316 Triarius
962 2258 1076 2317 leniter

180 2365 334 2424 arridens:
357 2352 430 2424 “Tu
454 2366 607 2440 quidem,”
628 2371 737 2439 inquit,
758 2353 886 2426 “totum
909 2367 1076 2438 Epicurum

180 2495 278 2546 paene
304 2495 321 2533 e
346 2474 593 2547 philosophorum
619 2477 710 2535 choro
735 2477 891 2535 sustulisti.
936 2475 1019 2546 Quid
1045 2482 1074 2537 ei

181 2581 329 2652 reliquisti
351 2586 408 2640 nIsi
429 2591 472 2654 te,
494 2604 614 2655 quoquo
635 2584 726 2643 modo
746 2585 932 2655 loqueretur,
951 2585 1074 2644 intelle-

152 2766 155 2771 ·
180 2711 254 2761 gere
269 2690 343 2761 quid
357 2690 492 2751 diceret?
535 2693 644 2752 Aliena
659 2694 737 2752 dixit
751 2698 783 2751 in
802 2693 944 2765 physicis,
959 2715 1017 2752 nec
1038 2716 1075 2754 ea

180 2804 246 2871 ipsa
261 2818 339 2870 quae
356 2802 413 2859 thi
431 2802 638 2872 probarentur.
684 2804 715 2862 Si
736 2823 795 2874 qua
816 2807 903 2862 iniis
923 2807 1076 2875 corrigere

181 2907 286 2978 voluit,
309 2907 460 2989 deteriora
488 2909 570 2968 fecit.
626 2911 803 2969 Disserendi
831 2919 929 2970 artem
957 2891 1075 2972 nullam

181 3014 294 3072 habuit.
339 3017 535 3090 Voluptatem
553 3039 622 3077 cum
645 3040 796 3077 summum
815 3020 929 3077 bonum
946 3018 1074 3095 diceret,

180 3127 311 3195 primum
325 3129 357 3184 in
375 3146 412 3184 eo
431 3132 496 3200 ipso
515 3147 621 3199 parum
641 3128 727 3201 vidit,
742 3128 855 3187 deinde
874 3128 931 3187 hoc
951 3149 1073 3203 quoque

265 3215 303 3266 28
