2310 3682
452 239 602 298 CICERO
626 239 682 297 DE
704 238 873 298 FINIBUS

218 366 252 416 et
274 363 307 416 in
330 380 454 432 corpore
477 360 615 433 perfecta
635 361 763 419 velimus
786 380 863 431 esse,
883 379 919 418 ea
938 360 1027 416 nobis
1046 363 1111 430 ipsa

219 474 287 511 cara
302 476 367 514 esse
382 465 508 528 propter
522 477 554 515 se
569 465 602 515 et
616 461 648 514 in
663 461 699 514 iis
714 476 779 514 esse
794 456 834 513 ad
849 456 929 512 bene
944 455 1109 512 vivendum

218 559 374 609 momenta
385 558 523 610 maxima.
541 554 620 611 Nam
635 558 684 611 cui
698 557 852 624 proposita
867 556 907 609 sit
922 555 1111 609 conservatio

220 651 275 716 sui,
296 667 421 705 necesse
442 657 489 706 est
508 648 580 706 huic
600 657 702 720 partes
722 667 843 720 quoque
864 651 910 705 sui
930 667 1012 704 caras
1033 666 1109 716 esse,

219 747 408 815 carioresque
435 764 495 815 quo
520 744 718 816 perfectiores
741 748 803 801 sint
826 751 858 801 et
881 747 978 814 magis
1000 747 1034 799 in
1057 762 1110 799 suo

219 858 334 908 genere
349 840 524 898 laudabiles.
570 840 615 897 Ea
630 845 713 897 enim
727 844 790 896 vita
805 843 961 910 expetitur
976 859 1053 910 quae
1072 842 1111 896 sit

220 939 313 992 animi
328 939 520 1008 corporisque
536 936 659 1008 expleta
673 937 846 1006 virtutibuS,
860 939 893 992 in
914 954 1011 1006 eoque
1031 955 1111 992 sum-

218 1049 302 1088 mum
317 1031 431 1088 bonum
446 1036 519 1103 poni
530 1052 655 1091 necesse
667 1040 724 1102 est,
737 1031 858 1103 quando
871 1031 995 1102 quidem
1006 1030 1039 1087 id
1049 1029 1112 1087 tale

220 1145 286 1184 esse
311 1127 406 1185 debet
425 1136 461 1185 ut
480 1148 581 1186 rerum
602 1128 843 1200 expetendarum
867 1130 906 1185 sit
930 1135 1109 1184 extremum.

221 1220 290 1292 Quo
316 1227 440 1294 cognito
465 1225 598 1282 dubitari
626 1244 688 1281 non
717 1231 821 1295 potest
846 1226 930 1294 quin,
956 1243 1026 1280 cum
1055 1226 1111 1294 ipsi

220 1317 359 1376 homines
379 1320 436 1376 sibi
456 1324 518 1378 sint
537 1339 592 1391 per
613 1339 645 1377 se
666 1328 699 1378 et
718 1339 772 1378 sua
791 1326 901 1391 sponte
921 1323 992 1389 cari,
1010 1326 1113 1390 partes

220 1432 341 1484 quoque
365 1422 398 1472 et
418 1419 549 1486 corporis
569 1423 602 1473 et
622 1419 715 1473 animi
736 1423 769 1473 et
789 1435 892 1472 earum
911 1434 1013 1472 rerum
1034 1433 1112 1485 quae

220 1513 337 1565 suntin
353 1514 511 1580 utriusque
526 1519 611 1569 motu
627 1518 660 1568 et
674 1519 756 1569 statu
772 1531 825 1568 sua
836 1514 962 1568 caritate
974 1509 1113 1567 colantur

159 1608 197 1659 38
221 1611 253 1661 et
268 1624 323 1675 per
337 1625 369 1663 se
384 1610 467 1678 ipsae
482 1615 675 1678 appetantur.
722 1605 840 1678 Quibus
855 1609 1000 1677 expositis
1015 1605 1112 1662 facilis

221 1706 269 1756 est
283 1706 458 1759 coniectura
473 1722 509 1759 ea
523 1707 654 1760 maxime
670 1722 736 1760 esse
754 1702 929 1774 expetenda
945 1720 984 1758 ex
1002 1705 1113 1759 nostris

222 1814 298 1865 quae
313 1795 478 1866 plurimum
492 1798 608 1855 habent
626 1799 796 1869 dignitatiS‚
810 1806 845 1855 ut
863 1801 997 1868 optimae
1015 1801 1113 1854 cuius-

221 1911 281 1961 que
289 1897 384 1962 partis
394 1883 488 1964 quae1
498 1914 553 1965 per
565 1914 597 1951 se
609 1902 772 1966 expetatur
783 1899 877 1951 virtus
889 1897 928 1951 sit
940 1893 1114 1965 expetenda

221 1991 359 2045 maxime.
407 1988 454 2046 lta
479 1990 533 2047 fiet
558 1997 593 2047 ut
618 1994 711 2047 animi
734 1995 829 2047 virtus
853 1993 985 2060 corporis
1008 1992 1113 2047 virtuti

140 2111 143 2117 ·
221 2090 427 2153 anteponatur
440 2089 594 2156 animique
614 2090 744 2143 virtutes
763 2105 826 2142 non
844 2084 1029 2142 voluntarias
1049 2089 1113 2142 vin-

222 2185 294 2234 cant
308 2181 438 2237 virtutes
453 2180 651 2252 voluntariae,
672 2201 749 2252 quae
770 2181 894 2252 quidem
914 2185 1035 2252 proprie
1055 2185 1112 2237 vir-

221 2280 306 2331 tutes
329 2275 523 2346 appellantur
545 2277 738 2348 multumque
762 2276 928 2346 excellunt,
951 2284 1113 2348 propterea

222 2369 356 2439 quod‘ex
372 2367 489 2429 ratione
505 2376 675 2443 gignuntur
694 2393 753 2443 qua
773 2371 849 2429 nihil
870 2379 917 2429 est
936 2374 969 2428 in
988 2371 1112 2430 homine

221 2463 361 2523 divinius.
407 2466 532 2525 Etenim
547 2473 682 2526 omnium
696 2487 797 2526 rerum
813 2487 887 2538 quas
905 2475 938 2524 et
957 2476 1042 2526 creat
1061 2489 1113 2526 na-

222 2566 291 2616 tura
306 2569 339 2618 et
357 2569 475 2633 tuetur,
490 2583 568 2634 quae
588 2572 642 2621 aut
662 2568 727 2621 sine
747 2567 848 2620 animo
869 2571 941 2621 sunt
960 2571 1015 2621 aut
1034 2554 1112 2622 non²

224 2655 321 2713 multo
336 2676 432 2726 secus,
447 2678 552 2716 earum
566 2680 717 2717 summum
732 2660 845 2717 bonum
859 2663 892 2715 in
907 2679 1033 2730 corpore
1051 2668 1112 2727 est3

224 2758 335 2808 utnon
350 2756 460 2811 inscite
475 2754 552 2812 illud
566 2745 683 2813 dictum
698 2755 838 2812 videatur
851 2759 883 2811 in
898 2774 963 2826 sue,
977 2759 1112 2814 animum

222 2845 266 2903 illi
277 2849 388 2918 pecudi
399 2849 505 2907 datum
517 2871 570 2922 pro
582 2851 655 2922 sale,
666 2871 706 2909 ne
717 2855 893 2922 putisceret.
927 2849 1011 2908 XIV.
1035 2852 1112 2911 Sunt

423 3045 426 3071 ¹
439 3046 561 3108 Perhaps
573 3063 642 3110 quae
653 3049 774 3096 maxime
782 3054 831 3112 per
841 3065 869 3097 se
880 3048 922 3108 ed,

418 3110 488 3158 ²non
500 3111 620 3161 inserted
632 3112 668 3177 by
680 3113 740 3178 edd3

305 3193 365 3267 ψ
