2310 3682
391 267 541 326 CICERO
565 266 622 324 DE
645 265 813 324 FINIBUS

155 396 295 464 corporis
341 390 463 448 Deinde
483 390 515 447 id
536 393 656 460 quoque
676 387 823 457 videmus,
839 393 880 484 ,et
903 390 947 442 ita
970 384 1045 454 figu-

124 578 129 593 ·
156 521 256 570 ratum
271 531 378 583 corpus
393 518 428 568 ut
443 509 574 568 excellat
584 508 660 577 aliis,
672 511 868 578 animumque
880 510 923 564 ita
935 507 1046 563 consti·

156 642 259 692 tutum
270 640 306 689 ut
321 640 354 690 et
369 631 506 689 sensibus
521 634 687 686 instructus
709 632 749 685 sit
771 635 803 685 et
826 627 939 684 habeat
962 645 1047 696 prae-

157 751 301 805 stantiam
315 748 428 802 mentis
448 748 496 801 cui
516 751 582 800 tota
600 743 731 800 hominis
751 749 860 798 natura
880 749 996 812 pareat,
1017 744 1048 795 in

158 881 217 931 qua
232 864 272 917 sit
285 858 430 915 mirabilis
445 857 594 929 quaedam
609 861 653 915 vis
667 861 793 914 rationis
811 864 844 913 et
865 858 1048 926 cognitionis

158 981 191 1031 et
205 976 351 1030 scientiae
366 976 575 1042 virtutumque
590 975 734 1027 omnium.
758 970 838 1026 Nam
854 989 931 1041 quae
944 988 1048 1040 corpo-

158 1091 199 1145 ris
224 1094 295 1144 sunt
318 1105 355 1143 ea
377 1105 435 1143 nec
458 1089 673 1142 auctoritatem
699 1105 768 1141 cum
792 1088 886 1140 animi
912 1084 1050 1155 partibus

158 1199 391 1271 comparandam
426 1207 460 1256 et
488 1203 695 1269 cognitionem
724 1198 840 1256 habent
869 1197 1047 1255 faciliorem.

49 1331 52 1337 ·
161 1313 269 1385 ltaque
284 1313 322 1369 ab
336 1312 384 1369 his
398 1312 558 1369 ordiamur.

99 1435 137 1485 35
202 1413 367 1497 “Corporis
390 1430 484 1497 igitur
506 1430 602 1484 nostri
627 1434 729 1498 partes
751 1433 878 1497 totaque
901 1427 998 1496 figura
1020 1433 1051 1482 et

160 1542 257 1599 forma
271 1549 304 1598 et
318 1547 434 1597 statura
449 1560 540 1610 quam
554 1548 626 1611 apta
640 1541 679 1598 ad
693 1548 833 1598 naturam
853 1545 893 1597 sit
914 1548 1051 1612 apparet,

75 1725 79 1732 Ι
160 1676 261 1727 neque
277 1662 324 1712 est
339 1654 465 1711 dubium
480 1658 554 1725 quin
568 1653 661 1725 frons,
673 1654 761 1725 oculi,
774 1674 861 1712 aures
873 1663 906 1713 et
917 1655 1051 1726 reliquae

161 1777 263 1840 partes
278 1768 382 1840 quales
397 1773 535 1839 propriae
551 1772 613 1826 sint
627 1767 757 1826 hominis
768 1768 984 1839 intellegatur3
999 1770 1053 1828 sed

162 1891 246 1941 certe
257 1902 333 1954 opus
348 1890 395 1939 est
411 1902 447 1940 ea
462 1882 562 1940 valere
578 1891 611 1940 et
625 1887 728 1953 vigere
744 1891 777 1941 et
787 1883 942 1941 naturales
953 1893 1054 1942 motus

69 2011 71 2015 '
163 2016 293 2068 ususque
308 1996 431 2066 habere,
446 2004 482 2054 ut
496 2016 553 2054 nec
568 1998 647 2055 absit
659 1997 732 2068 quid
743 2016 848 2054 eorum
859 2018 917 2055 nec
928 2018 1054 2069 aegrum

163 2110 394 2168 debilitatumve
410 2113 457 2167 sit.
504 2109 541 2167 Id
561 2114 643 2168 enim
663 2119 771 2168 natura
790 2111 953 2169 desiderat.
999 2113 1055 2171 Est

162 2231 266 2280 autem
281 2226 375 2279 etiam
389 2227 469 2278 actio
484 2224 634 2293 quaedam
648 2228 780 2296 corporis
800 2245 878 2295 quae
899 2233 1002 2283 motus
1022 2234 1055 2283 et

163 2344 260 2394 status
290 2343 416 2393 naturae
446 2345 651 2407 congruentes
680 2347 788 2407 tenet3
823 2343 856 2396 in
891 2341 1001 2411 quibus
1030 2344 1055 2397 si

163 2457 308 2521 peccetur
336 2449 517 2508 distortione
547 2459 579 2508 et
608 2452 824 2523 depravatione
859 2454 992 2524 quadam
1020 2474 1055 2512 ac

163 2571 249 2621 motu
265 2571 384 2621 statuve
400 2564 540 2635 deformi,
555 2573 591 2622 ut
605 2569 629 2622 si
644 2574 697 2623 aut
711 2567 851 2624 manibus
864 2568 1056 2638 ingrediatur

164 2681 230 2749 quis
245 2685 298 2734 aut
313 2697 375 2734 non
389 2686 462 2736 ante
477 2679 532 2736 sed
546 2686 639 2749 retro,
654 2679 761 2750 fugere
776 2680 867 2752 plane
885 2701 917 2739 se
937 2687 1003 2754 ipse
1023 2691 1056 2741 et

164 2791 319 2849 hominem
335 2810 449 2849 exuens
462 2812 498 2849 ex
510 2792 634 2850 homine
646 2801 784 2851 naturam
795 2794 895 2852 odisse
906 2796 1055 2855 videatur.

166 2903 372 2976 Quamobrem
387 2910 478 2963 etiam
493 2910 642 2964 sessiones
657 2908 806 2978 quaedam
821 2915 854 2965 et
868 2907 938 2966 flexi
954 2911 1057 2969 fracti-

165 3037 224 3089 que
235 3025 346 3088 motuS,
356 3019 459 3089 quales
467 3026 675 3090 protervorum
686 3020 843 3078 hominum
853 3031 909 3080 aut
919 3024 1057 3084 mollium

166 3151 232 3189 esse
255 3131 365 3202 solent,
381 3140 485 3189 contra
505 3140 644 3190 naturam
664 3142 746 3204 sunt,
765 3142 800 3191 ut
824 3139 944 3195 etiamsi
964 3144 1058 3197 animi

250 3221 310 3272 430
