2310 3682
391 247 542 306 CICERO
565 247 623 304 DE
645 246 814 306 FINIBUS

154 378 272 441 ptatem
301 375 361 427 iam
389 370 509 440 videtiS,
535 389 575 427 ne
600 369 713 426 invidia
737 369 821 427 verbi
844 367 1050 425 labefactetur

154 471 250 524 oratio
263 454 357 536 mea.)
400 467 478 523 Nam
493 486 562 524 cum
577 470 767 536 ignoratione
782 485 883 523 rerum
900 465 1048 521 bonarum

154 570 187 620 et
202 562 348 619 malarum
362 567 493 620 maxime
508 562 666 620 hominum
681 566 743 620 vita
756 568 893 632 vexetur,
909 560 949 617 ob
963 579 1048 617 eum-

154 678 214 729 que
230 677 362 716 errorem
378 666 410 715 et
420 658 628 729 voluptatibus
639 662 776 715 maximis
787 677 878 729 saepe
889 659 1048 729 priventur

155 761 189 811 et
205 754 371 812 durissimis
388 757 482 811 animi
500 754 654 812 doloribus
674 761 882 825 torqueantur,
898 755 1048 824 sapientia

155 858 203 908 est
224 850 408 920 adhibenda,
429 870 506 921 quae
530 857 563 908 et
585 851 750 911 terroribus
770 849 1047 920 cupiditatibusque

154 944 300 1002 detractis
315 953 348 1003 et
362 950 497 1004 omnium
515 945 659 1003 falsarum
676 949 854 1015 opinionum
871 947 1048 1001 temeritate

154 1040 282 1112 derepta
307 1044 504 1098 certissimam
529 1061 561 1098 se
589 1041 676 1097 nobis
705 1040 813 1097 ducem
843 1040 989 1110 praebeat
1009 1037 1048 1096 ad

154 1136 351 1209 voluptatem.
396 1137 551 1209 Sapientia
572 1141 655 1194 enim
677 1144 724 1194 est
745 1157 806 1193 una
827 1156 904 1207 quae
926 1139 1048 1194 maesti·

155 1236 229 1290 tiam
248 1233 344 1304 pellat
364 1253 401 1290 ex
421 1237 538 1304 animis,
557 1253 634 1304 quae
654 1253 709 1289 nos
729 1233 943 1290 exhorrescere
963 1240 1048 1290 metu

154 1349 216 1385 non
241 1333 339 1397 sinat;
366 1350 425 1400 qua
450 1333 657 1402 praeceptrice
683 1334 715 1386 in
740 1328 964 1401 tranquillitate
990 1333 1049 1386 vivi

154 1432 267 1495 potest,
279 1429 414 1483 omnium
425 1425 628 1497 cupiditatum
642 1425 749 1484 ardore
763 1429 920 1483 restincto.
959 1425 1049 1497 Cupi-

155 1521 267 1578 ditates
277 1525 359 1578 enim
369 1529 441 1578 sunt
449 1520 645 1591 insatiabiles
654 1542 730 1593 quae
740 1542 802 1579 non
812 1521 904 1579 modo
915 1521 1050 1591 singulos

155 1616 294 1674 homines
307 1617 362 1675 sed
376 1621 531 1675 universas
544 1616 673 1674 familias
684 1625 837 1687 evertunt,
848 1625 946 1675 totam
957 1621 1050 1675 etiam

95 1719 134 1769 44
155 1712 342 1770 labefactant
359 1732 449 1783 saepe
472 1711 718 1783 rempublicam.
764 1713 810 1769 Ex
832 1712 1050 1784 cupiditatibus

155 1808 234 1877 odia,
250 1808 384 1878 discidia,
400 1807 578 1879 discordiae,
590 1807 765 1879 seditiones,
780 1808 861 1866 bella
874 1816 1048 1867 naseuntur.

156 1904 221 1961 Nec
241 1923 295 1962 eae
316 1924 348 1962 se
368 1903 439 1961 foris
459 1904 556 1961 solum
576 1908 692 1961 iactant
710 1923 768 1961 nec
788 1912 910 1962 tantum
927 1908 959 1961 in
976 1903 1051 1962 alios

155 2020 246 2058 caeco
267 2005 384 2071 impetu
406 2005 575 2070 incurrunt,
593 1999 648 2058 sed
669 2005 752 2057 intus
774 2005 866 2058 etiam
888 2005 921 2057 in
942 2004 1051 2059 animis

155 2096 290 2154 inclusae
300 2100 388 2163 ,inter
402 2116 434 2153 se
449 2096 599 2154 dissident
613 2103 706 2166 atque
721 2096 913 2165 discordant3
935 2116 973 2154 ex
990 2117 1051 2168 quo

156 2196 249 2248 vitam
268 2195 484 2248 amarissimam
502 2211 628 2248 necesse
648 2199 696 2249 est
715 2192 801 2262 effici,
817 2200 852 2249 ut
869 2197 990 2264 sapiens
1004 2213 1051 2251 so-

155 2287 392 2359 lum,amputata
401 2291 635 2357 circumcisaque
644 2291 793 2345 inanitate
803 2292 887 2344 omni
896 2296 929 2346 et
938 2308 1051 2360 errore,

155 2391 282 2440 naturae
300 2383 410 2440 finibus
427 2389 590 2440 contentus
607 2387 673 2439 sine
690 2384 884 2454 aegritudine
902 2388 999 2454 possit
1019 2393 1052 2443 et

95 2486 133 2536 45
156 2484 221 2537 sine
236 2486 321 2536 metu
336 2483 445 2536 vivere.
491 2476 578 2549 Quae
593 2486 640 2536 est
655 2483 737 2536 enim
754 2487 808 2536 aut
825 2479 929 2537 utilior
944 2487 998 2537 aut
1012 2480 1052 2538 ad

156 2576 236 2632 bene
248 2574 413 2632 vivendum
427 2578 526 2645 aptior
540 2579 664 2646 partitio
675 2595 766 2646 quam
781 2574 834 2632 illa
847 2595 907 2646 qua
921 2583 969 2633 est
980 2597 1053 2635 usus

157 2671 323 2743 Epicurus?
339 2675 390 2741 qui
401 2690 496 2726 unum
506 2690 604 2740 genus
615 2676 717 2741 posuit
731 2691 835 2729 earum
848 2671 1052 2743 cupiditatum

156 2787 234 2839 quae
246 2773 349 2824 essent
363 2773 396 2823 et
409 2766 563 2822 naturales
574 2774 607 2824 et
621 2771 818 2838 necessariae,
829 2768 960 2825 alterum
972 2789 1051 2840 quae

156 2855 310 2914 naturales
324 2862 427 2912 essent
441 2873 499 2911 nec
510 2863 615 2912 tamen
626 2861 823 2926 necessariae,
834 2861 961 2914 tertium
971 2878 1051 2930 quae

157 2965 215 3003 nec
234 2943 386 3001 naturales
406 2962 463 3001 nec
482 2949 685 3012 necessariae3
706 2965 834 3016 quarum
851 2965 887 3003 ea
903 2951 981 3003 ratio
1002 2957 1052 3007 est

159 3042 192 3092 ut
206 3037 393 3090 necessariae
406 3052 464 3090 nec
478 3053 571 3104 opera
584 3034 680 3091 multa
689 3053 747 3091 nec
758 3038 894 3105 impensa
904 3034 1051 3106 explean-

161 3131 225 3190 tur;
239 3140 279 3178 ne
289 3121 442 3180 naturales
452 3122 577 3192 quidem
587 3122 685 3181 multa
694 3123 880 3193 desiderant,
888 3132 1061 3199 propterea,

240 3211 279 3265 4⁸
