2310 3682
376 217 526 282 CICERO
549 223 606 280 DE
628 223 797 283 FlNlBUS

138 347 295 416 tipatrum,
311 343 536 415 Mnesarchum,
553 343 741 415 Panaetium,
761 343 873 402 multos
892 344 979 416 alios,
998 346 1031 402 in

140 431 304 500 primisque
323 428 502 485 familiarem
521 435 659 485 nostrum
681 427 881 485 Posidonium.
927 426 1031 500 Quid?

140 511 366 583 Theophrastus
395 511 628 569 mediocriterne
657 511 793 570 delectat
820 531 889 568 cum
918 518 1032 570 tractat

139 596 221 653 locos
226 595 265 652 ab
272 595 516 653 Aristoteleante
522 596 686 653 tractatos?
696 594 797 666 Quid?
808 594 951 666 Epicurei
956 614 1031 653 num

140 679 293 737 desistunt
304 677 343 736 de
354 678 472 750 iisdem,
482 679 521 736 de
532 680 642 749 quibus
653 687 686 736 et
693 679 733 735 ab
742 678 873 750 Epicuro
883 682 1031 750 scriptum
1045 731 1048 740 .

140 770 188 820 est
197 769 230 819 et
238 762 277 819 ab
285 766 427 832 antiquis,
439 762 479 819 ad
486 763 645 819 arbitrium
654 782 742 819 suum
750 762 900 820 scribere?
912 760 1030 834 Quodsi

141 845 251 903 Graeci
259 845 573 916 legunturaGraecis,
581 845 690 904 iisdem
699 844 738 904 de
747 846 837 903 rebus
846 845 904 902 alia
912 850 1031 904 ratione

140 933 323 999 compositis,
335 928 408 999 quid
420 936 467 986 est
478 949 532 986 cur
542 933 637 987 nostri
648 950 666 986 a
676 933 787 986 nostris
797 948 860 986 non
869 928 1030 1000 legantur?

100 1017 117 1075 7
183 1012 240 1070 Ill.
286 1011 477 1083 Quamquam
498 1016 523 1070 si
540 1013 631 1083 plane
646 1017 688 1070 sic
703 1020 855 1071 verterem
871 1011 1031 1071 Platonem

139 1103 193 1152 aut
214 1095 413 1152 Aristotelem
433 1103 469 1153 ut
485 1100 645 1154 verterunt
662 1099 758 1153 nostri
775 1103 885 1167 poetae
902 1095 1032 1168 fabulas,

140 1178 228 1250 male,
252 1179 352 1250 cred0,
375 1199 510 1237 mererer
531 1180 571 1237 de
592 1183 668 1237 meis
689 1180 803 1237 civibus
824 1183 849 1237 si
866 1179 906 1236 ad
926 1198 1032 1239 eorum

139 1266 345 1333 cognitionem
359 1263 461 1320 divina
474 1263 527 1320 illa
539 1267 663 1333 ingenia
676 1262 880 1321 transferrem.
922 1262 985 1322 Sed
999 1262 1032 1321 id

137 1364 238 1416 neque
257 1345 317 1403 feci
336 1346 435 1404 adhuc
455 1365 512 1404 nec
531 1346 606 1403 mihi
626 1354 730 1404 tamen
749 1366 789 1404 ne
809 1345 918 1403 faciam
935 1349 1031 1405 inter·

139 1429 256 1487 dictum
275 1436 358 1500 puto.
403 1429 498 1487 Locos
516 1430 640 1501 quidem
657 1430 812 1502 quosdam,
828 1433 853 1488 si
866 1429 1030 1501 videbitur,

138 1512 328 1584 transferam,
344 1520 376 1570 et
396 1518 527 1571 maxime
549 1515 588 1571 ab
606 1517 642 1571 iis
661 1533 735 1584 quos
754 1514 846 1570 modo
866 1517 1030 1584 nominavi,

139 1617 208 1655 cum
226 1598 369 1655 inciderit
388 1605 423 1654 ut
441 1598 473 1655 id
492 1604 564 1669 apte
581 1597 646 1654 fieri
660 1602 769 1668 possit;
790 1604 826 1655 ut
839 1598 878 1654 ab
894 1598 1031 1655 Homero

140 1681 265 1751 Ennius,
286 1680 428 1737 Afranius
450 1701 468 1738 a
490 1680 660 1738 Menandro
681 1681 766 1738 solet.
813 1682 879 1738 Nec
895 1699 976 1751 ver0,
994 1687 1031 1738 ut

139 1771 243 1821 noster
272 1763 415 1835 Lucilius,
440 1765 584 1821 recusabo
612 1784 672 1836 quo
700 1768 800 1822 minus
828 1783 934 1822 omnes
961 1783 1030 1834 mea

138 1847 251 1918 legant.
298 1847 424 1905 Utinam
444 1855 525 1906 esset
543 1847 595 1904 ille
617 1848 749 1905 Persius!
793 1847 894 1919 Scipio
908 1866 979 1904 vero
997 1855 1030 1904 et

141 1931 270 1988 Rutilius
291 1931 388 1989 multo
410 1935 503 1989 etiam
523 1935 634 2002 magis3
662 1950 791 2001 quorum
811 1931 864 1988 ille
884 1930 1030 1988 iudicium

138 2014 337 2072 reformidans
366 2014 538 2072 Tarentinis
569 2019 613 2072 ait
644 2034 676 2072 se
708 2021 741 2071 et
772 2015 965 2072 Consentinis
996 2021 1031 2072 et

139 2096 246 2155 Siculis
264 2098 403 2155 scribere.
439 2098 550 2155 Facete
573 2101 597 2154 is
619 2097 753 2168 quidem,
772 2102 850 2155 sicut
867 2085 957 2166 alia¹3
974 2097 1030 2156 sed

138 2199 240 2251 neque
268 2187 331 2237 tam
360 2180 443 2238 docti
467 2188 535 2238 tum
558 2188 645 2238 erant
670 2181 709 2238 ad
734 2200 862 2252 quorum
884 2180 1031 2238 iudicium

139 2263 317 2332 elaboraret,
333 2271 366 2320 et
380 2271 452 2321 sunt
466 2264 546 2322 illius
560 2269 672 2335 scripta
688 2264 811 2335 leviora,
826 2272 862 2323 ut
875 2265 1031 2323 urbanitas

99 2353 116 2404 8
139 2366 255 2404 summa
279 2354 434 2418 appareat,
459 2347 598 2405 doctrina
622 2347 790 2405 mediocris.
836 2349 902 2420 Ego
926 2355 1031 2405 autem

139 2449 230 2501 quem
247 2433 372 2487 timeam
389 2430 545 2501 lectorem,
561 2451 630 2489 cum
647 2430 686 2488 ad
705 2438 748 2501 te,
764 2451 803 2488 ne
824 2431 947 2490 Graecis
964 2435 1031 2502 qui-

399 2532 407 2562 ¹
418 2533 476 2581 alia
489 2533 564 2583 Mdv.
578 2552 584 2592 ;
597 2534 670 2582 alias
681 2533 760 2583 MSS.

173 2652 317 2711 aLudlius,
328 2654 374 2702 the
386 2654 501 2714 satirist,
514 2656 698 2718 148-10313.c.,
709 2655 824 2704 avowed
834 2656 894 2704 that
903 2656 936 2704 he
945 2662 1031 2705 wrote
1065 2699 1068 2703 .

141 2717 183 2766 for
205 2717 250 2766 the
273 2719 442 2784 moderately
464 2721 575 2770 learned
598 2722 651 2770 like
675 2722 792 2776 Laelius.
813 2728 860 2769 not
884 2721 926 2770 for
947 2728 1030 2784 great

141 2784 264 2832 scholars
276 2784 330 2833 like
344 2785 469 2835 Persius:
484 2786 623 2836 ‘Persium
639 2803 692 2836 non
710 2802 774 2835 curo
791 2787 893 2849 legere,
908 2786 1029 2836 Laelium

143 2850 283 2898 Decimum
301 2850 376 2899 volo’
394 2851 462 2915 (Cic.
481 2853 513 2900 de
532 2853 576 2902 Or.
592 2851 669 2916 225).
707 2852 737 2900 ln
755 2852 801 2900 the
819 2857 884 2901 next
901 2857 1029 2902 sentence

141 2916 204 2965 here
227 2914 325 2965 Cicero
347 2932 436 2966 seems
460 2925 488 2966 to
510 2917 582 2967 refer
604 2924 632 2967 to
654 2933 730 2966 some
752 2918 830 2967 other
854 2933 978 2980 passage
1001 2918 1033 2966 of

141 2980 266 3041 Lucilius,
283 2982 309 3031 in
327 2982 414 3031 which
432 2984 465 3032 he
483 2997 531 3048 put
549 2984 591 3032 his
609 2984 705 3032 claims
722 2983 778 3032 still
796 2984 880 3032 lower
897 2982 953 3032 and
970 2999 1032 3046 pro·

140 3047 232 3097 fessed
249 3055 278 3096 to
294 3047 371 3096 write
389 3047 432 3096 for
449 3048 574 3099 illiterate
591 3049 765 3113 provincials‚
784 3055 831 3096 not
849 3049 891 3096 for
907 3049 1031 3098 cultured

139 3113 342 3164 noblemen'like
350 3113 591 3178 ScipioAfricanus
602 3115 691 3163 Minor
700 3113 755 3163 and
765 3114 792 3163 P.
805 3113 922 3163 Rutilius
933 3113 1028 3164 Rufus.

223 3197 240 3247 8
