2310 3682
444 239 594 299 CICERO
617 240 674 298 DE
696 240 865 300 FINIBUS

210 377 285 427 quos
306 379 378 416 cura
397 365 480 417 omni
499 360 654 432 liberatos,
665 361 784 419 nullum
799 365 1004 420 necessarium
1023 365 1102 417 vitae

211 459 326 517 cultum
341 471 396 519 aut
409 471 548 534 paratum
568 467 769 535 requirentes,
785 464 861 521 nihil
880 463 964 521 aliud
982 470 1102 520 acturos

211 569 322 632 putant
336 567 393 620 nisi
408 572 443 622 ut
458 585 548 622 omne
568 573 689 636 tempus
707 565 888 636 inquirendo
907 585 942 623 ac
957 563 1103 622 discendo

212 667 244 719 in
263 671 390 722 naturae
410 671 585 737 cognitione
606 675 795 724 consumant.
840 668 904 724 Nos
923 663 1031 724 autem
1042 686 1103 723 nou

211 765 308 821 solum
323 766 431 824 beatae
446 772 526 825 vitae
540 773 630 825 istam
641 788 707 826 esse
719 768 956 826 oblectationem
966 768 1104 826 videmus

212 866 266 924 sed
290 872 383 925 ctiam
411 869 619 927 levamentum
647 874 854 938 miseriarum3
882 875 987 941 itaque
1015 869 1105 926 multi

213 987 282 1024 cum
305 973 336 1025 in
360 978 514 1041 potestate
536 979 640 1029 essent
662 972 795 1029 hostium
819 979 873 1029 aut
894 979 1105 1042 tyrannorum,

212 1070 302 1128 multi
324 1075 356 1128 in
380 1073 527 1142 custodia,
550 1073 640 1131 multi
665 1077 697 1129 in
723 1073 830 1131 exsilio
856 1072 993 1131 dolorem
1018 1093 1106 1130 suum

153 1177 191 1229 54
213 1172 370 1258 doctrinae
385 1175 493 1232 studiis
510 1175 658 1232 levarunt.
705 1174 849 1246 Princeps
866 1175 956 1232 huius
974 1179 1105 1232 civitatis

214 1273 378 1334 Phalereus
390 1276 576 1347 Demetrius,
588 1297 657 1334 cum
671 1280 769 1348 patria
779 1275 883 1347 pulsus
895 1283 976 1334 esset
986 1280 1105 1346 iniuria,

212 1377 252 1434 ad
278 1377 487 1436 Ptolemaeum
514 1398 546 1436 se
575 1398 681 1448 regem
710 1377 937 1436 Alexandream
953 1378 1104 1437 contulit.

214 1477 275 1549 Qui
290 1499 359 1536 cum
373 1484 405 1536 in
421 1480 477 1537 hac
497 1484 563 1551 ipsa
582 1479 774 1551 philosophia
792 1479 832 1536 ad
852 1498 943 1550 quam
956 1487 989 1537 te
1004 1479 1106 1537 horta·

213 1595 281 1632 mur
295 1575 461 1634 excelleret
480 1575 744 1647 Theophrastique
765 1583 846 1633 esset
865 1575 994 1646 auditor,
1010 1575 1107 1633 multa

213 1671 366 1742 praeclara
379 1676 412 1729 in
426 1672 479 1729 illo
494 1672 668 1730 calamitoso
683 1676 746 1729 otio
761 1676 881 1742 scripsit
891 1692 953 1728 nou
964 1672 1004 1729 ad
1018 1691 1106 1730 usum

213 1768 346 1839 aliquem
368 1788 456 1826 suum
478 1788 539 1838 quo
561 1777 627 1826 erat
648 1768 790 1837 orbatus3
812 1767 867 1825 sed
889 1771 983 1824 animi
1006 1768 1107 1826 cultus

213 1864 265 1921 ille
281 1869 496 1935 e1·atei‘=quasi
515 1864 638 1935 quidam
657 1864 857 1924 humanitatis
876 1851 967 1920 cibus.
1014 1863 1107 1934 Equi·

213 1960 285 2017 dem
299 1980 316 2017 e
333 1961 386 2018 Cn.
403 1961 535 2031 Aufidio,
550 1963 712 2032 praetorio,
728 1960 848 2017 erudito
863 1959 998 2029 homine,
1013 1960 1107 2017 oculis

212 2064 310 2126 capto,
322 2076 413 2127 saepe
428 2057 590 2114 audiebam
605 2076 674 2113 cum
686 2074 718 2112 se
729 2055 804 2113 lucis
815 2059 911 2125 magis
923 2074 1014 2125 quam
1027 2055 1107 2113 utili-

213 2156 286 2209 tatis
312 2152 465 2210 desiderio
489 2156 605 2210 moveri
631 2151 756 2209 diceret.
801 2150 947 2208 Somnum
973 2150 1106 2223 denique

214 2250 310 2319 nohiS,
321 2253 379 2306 nisi
390 2253 562 2320 requietem
578 2248 752 2319 corporibus
767 2254 800 2305 et
814 2245 998 2303 medicinam
1012 2267 1107 2318 quan·

214 2345 284 2401 dam
312 2345 423 2402 laboris
451 2344 585 2415 afferret,
615 2352 721 2401 contra
755 2350 895 2400 naturam
931 2350 1107 2413 putaremus

213 2441 339 2511 datum;
360 2441 461 2498 aufert
481 2445 563 2498 enim
583 2459 689 2498 sensus
708 2443 921 2508 actionemque
942 2437 1025 2497 tollit
1044 2459 1106 2497 om-

213 2557 304 2606 nem;
325 2543 429 2609 itaque
444 2542 469 2595 si
488 2545 542 2595 aut
561 2540 732 2608 requietem
746 2542 854 2591 natura
868 2553 931 2591 non
945 2543 1108 2605 quaereret

212 2642 267 2690 aut
281 2653 348 2690 eam
363 2641 466 2705 posset
480 2633 539 2690 alia
559 2632 690 2703 quadam
709 2635 827 2689 ratione
847 2634 1002 2701 consequi,
1017 2630 1107 2689 facile

212 2738 397 2801 pateremur,
412 2735 464 2800 qui
480 2734 572 2788 etiam
587 2747 670 2785 nuuc
686 2725 799 2798 agendi
818 2724 934 2797 aliquid
954 2726 1106 2786 discendi-

212 2845 272 2896 que
295 2846 384 2883 causa
405 2844 499 2897 prope
521 2833 627 2882 contra
648 2831 788 2881 naturam
811 2821 928 2892 vigilias
953 2827 1107 2895 suscipere

212 2921 369 2979 soleamus.

152 3022 190 3072 55
254 3017 321 3075 XX.
339 3003 783 3076 “Suntautemetiamclariora
793 3013 841 3071 vel
850 3013 1106 3087 planeperspicua

212 3117 397 3185 minimeque
406 3111 573 3170 dubitanda
584 3110 695 3168 indicia
703 3117 840 3181 naturae,
848 3113 980 3166 maxime
989 3110 1106 3170 scilicet

297 3204 357 3256 454
