<?xml version="1.0" encoding="UTF-8"?>
<!DOCTYPE html PUBLIC "-//W3C//DTD XHTML 1.0 Transitional//EN"
    "http://www.w3.org/TR/xhtml1/DTD/xhtml1-transitional.dtd">
<html xmlns="http://www.w3.org/1999/xhtml" xml:lang="en" lang="en">
 <head>
  <title>
</title>
<meta http-equiv="Content-Type" content="text/html;charset=utf-8" />
  <meta name='ocr-system' content='tesseract 3.04.00' />
  <meta name='ocr-capabilities' content='ocr_page ocr_carea ocr_par ocr_line ocrx_word'/>
</head>
<body>
  <div class='ocr_page' id='page_1' title='image "./definibusbonoru02cicegoog_0047.png"; bbox 0 0 2310 3682; ppageno 0'>
   <div class='ocr_carea' id='block_1_1' title="bbox 370 209 791 270">
    <p class='ocr_par' dir='ltr' id='par_1_1' title="bbox 370 209 791 270">
     <span class='ocr_line' id='line_1_1' title="bbox 370 209 791 270; baseline 0 -1"><span class='ocrx_word' id='word_1_1' title='bbox 370 209 520 270; x_wconf 85' lang='lat' dir='ltr'><strong>CICERO</strong></span> <span class='ocrx_word' id='word_1_2' title='bbox 543 210 600 268; x_wconf 90' lang='lat' dir='ltr'><strong>DE</strong></span> <span class='ocrx_word' id='word_1_3' title='bbox 623 210 791 269; x_wconf 87' lang='lat' dir='ltr'><strong>FlNlBUS</strong></span> 
     </span>
    </p>
   </div>
   <div class='ocr_carea' id='block_1_2' title="bbox 135 327 1027 404">
    <p class='ocr_par' dir='ltr' id='par_1_2' title="bbox 135 327 1027 404">
     <span class='ocr_line' id='line_1_2' title="bbox 135 327 1027 404; baseline -0.002 -18"><span class='ocrx_word' id='word_1_4' title='bbox 135 327 206 387; x_wconf 91' lang='lat' dir='ltr'><strong>dem</strong></span> <span class='ocrx_word' id='word_1_5' title='bbox 238 330 401 390; x_wconf 88' lang='lat' dir='ltr'><strong>cedentem</strong></span> <span class='ocrx_word' id='word_1_6' title='bbox 429 336 461 389; x_wconf 93' lang='lat' dir='ltr'><strong>in</strong></span> <span class='ocrx_word' id='word_1_7' title='bbox 489 331 689 404; x_wconf 86' lang='lat' dir='ltr'><strong>philosophia,</strong></span> <span class='ocrx_word' id='word_1_8' title='bbox 717 330 856 389; x_wconf 82' lang='lat' dir='ltr'><strong>audeam</strong></span> <span class='ocrx_word' id='word_1_9' title='bbox 876 327 1027 388; x_wconf 84' lang='lat' dir='ltr'><strong>scribere?</strong></span> 
     </span>
    </p>
   </div>
   <div class='ocr_carea' id='block_1_3' title="bbox 99 442 1033 1657">
    <p class='ocr_par' dir='ltr' id='par_1_3' title="bbox 99 442 1033 1657">
     <span class='ocr_line' id='line_1_3' title="bbox 136 442 1029 518; baseline -0.003 -16"><span class='ocrx_word' id='word_1_10' title='bbox 136 442 327 517; x_wconf 86' lang='lat' dir='ltr'><strong>Quamquam</strong></span> <span class='ocrx_word' id='word_1_11' title='bbox 355 466 372 503; x_wconf 86' lang='lat' dir='ltr'><strong>a</strong></span> <span class='ocrx_word' id='word_1_12' title='bbox 400 453 433 505; x_wconf 86' lang='lat' dir='ltr'><strong>te</strong></span> <span class='ocrx_word' id='word_1_13' title='bbox 459 451 524 518; x_wconf 93' lang='lat' dir='ltr'><strong>ipso</strong></span> <span class='ocrx_word' id='word_1_14' title='bbox 548 446 579 505; x_wconf 94' lang='lat' dir='ltr'><strong>id</strong></span> <span class='ocrx_word' id='word_1_15' title='bbox 604 445 728 518; x_wconf 89' lang='lat' dir='ltr'><strong>quidem</strong></span> <span class='ocrx_word' id='word_1_16' title='bbox 751 445 829 503; x_wconf 84' lang='lat' dir='ltr'><strong>facio</strong></span> <span class='ocrx_word' id='word_1_17' title='bbox 850 449 1029 517; x_wconf 85' lang='lat' dir='ltr'><strong>provocatus</strong></span> 
     </span>
     <span class='ocr_line' id='line_1_4' title="bbox 135 559 1028 636; baseline -0.006 -19"><span class='ocrx_word' id='word_1_18' title='bbox 135 563 305 636; x_wconf 79' lang='lat' dir='ltr'><strong>gratissimo</strong></span> <span class='ocrx_word' id='word_1_19' title='bbox 324 559 400 617; x_wconf 94' lang='lat' dir='ltr'><strong>mihi</strong></span> <span class='ocrx_word' id='word_1_20' title='bbox 413 559 490 617; x_wconf 92' lang='lat' dir='ltr'><strong>libro</strong></span> <span class='ocrx_word' id='word_1_21' title='bbox 504 580 595 632; x_wconf 89' lang='lat' dir='ltr'><strong>quem</strong></span> <span class='ocrx_word' id='word_1_22' title='bbox 609 560 648 618; x_wconf 90' lang='lat' dir='ltr'><strong>ad</strong></span> <span class='ocrx_word' id='word_1_23' title='bbox 662 580 712 619; x_wconf 89' lang='lat' dir='ltr'><strong>me</strong></span> <span class='ocrx_word' id='word_1_24' title='bbox 726 559 766 618; x_wconf 91' lang='lat' dir='ltr'><strong>de</strong></span> <span class='ocrx_word' id='word_1_25' title='bbox 780 563 893 617; x_wconf 86' lang='lat' dir='ltr'><strong>virtute</strong></span> <span class='ocrx_word' id='word_1_26' title='bbox 907 559 1028 615; x_wconf 90' lang='lat' dir='ltr'><strong>misisti.</strong></span> 
     </span>
     <span class='ocr_line' id='line_1_5' title="bbox 137 671 1030 745; baseline -0.002 -15"><span class='ocrx_word' id='word_1_27' title='bbox 137 671 198 730; x_wconf 87' lang='lat' dir='ltr'><strong>Sed</strong></span> <span class='ocrx_word' id='word_1_28' title='bbox 213 693 250 730; x_wconf 83' lang='lat' dir='ltr'><strong>ex</strong></span> <span class='ocrx_word' id='word_1_29' title='bbox 266 693 303 731; x_wconf 91' lang='lat' dir='ltr'><strong>eo</strong></span> <span class='ocrx_word' id='word_1_30' title='bbox 317 673 408 732; x_wconf 88' lang='lat' dir='ltr'><strong>credo</strong></span> <span class='ocrx_word' id='word_1_31' title='bbox 422 674 601 745; x_wconf 88' lang='lat' dir='ltr'><strong>quibusdam</strong></span> <span class='ocrx_word' id='word_1_32' title='bbox 612 695 667 733; x_wconf 93' lang='lat' dir='ltr'><strong>usu</strong></span> <span class='ocrx_word' id='word_1_33' title='bbox 678 678 782 733; x_wconf 89' lang='lat' dir='ltr'><strong>venire</strong></span> <span class='ocrx_word' id='word_1_34' title='bbox 796 681 833 732; x_wconf 88' lang='lat' dir='ltr'><strong>ut</strong></span> <span class='ocrx_word' id='word_1_35' title='bbox 846 672 1030 731; x_wconf 84' lang='lat' dir='ltr'><strong>abhorreant</strong></span> 
     </span>
     <span class='ocr_line' id='line_1_6' title="bbox 136 785 1032 859; baseline -0.001 -17"><span class='ocrx_word' id='word_1_36' title='bbox 136 805 155 842; x_wconf 92' lang='lat' dir='ltr'><strong>a</strong></span> <span class='ocrx_word' id='word_1_37' title='bbox 184 785 310 859; x_wconf 89' lang='lat' dir='ltr'><strong>Latinis,</strong></span> <span class='ocrx_word' id='word_1_38' title='bbox 335 787 416 859; x_wconf 92' lang='lat' dir='ltr'><strong>quod</strong></span> <span class='ocrx_word' id='word_1_39' title='bbox 441 787 605 846; x_wconf 85' lang='lat' dir='ltr'>inciderint</span> <span class='ocrx_word' id='word_1_40' title='bbox 628 792 661 845; x_wconf 93' lang='lat' dir='ltr'><strong>in</strong></span> <span class='ocrx_word' id='word_1_41' title='bbox 685 788 800 847; x_wconf 88' lang='lat' dir='ltr'><strong>inculta</strong></span> <span class='ocrx_word' id='word_1_42' title='bbox 824 785 973 858; x_wconf 88' lang='lat' dir='ltr'><strong>quaedam</strong></span> <span class='ocrx_word' id='word_1_43' title='bbox 999 790 1032 842; x_wconf 88' lang='lat' dir='ltr'><strong>et</strong></span> 
     </span>
     <span class='ocr_line' id='line_1_7' title="bbox 137 897 1029 973; baseline 0.001 -18"><span class='ocrx_word' id='word_1_44' title='bbox 137 897 268 972; x_wconf 87' lang='lat' dir='ltr'><strong>horrida,</strong></span> <span class='ocrx_word' id='word_1_45' title='bbox 294 900 333 959; x_wconf 93' lang='lat' dir='ltr'><strong>de</strong></span> <span class='ocrx_word' id='word_1_46' title='bbox 358 902 445 960; x_wconf 89' lang='lat' dir='ltr'><strong>malis</strong></span> <span class='ocrx_word' id='word_1_47' title='bbox 471 903 594 960; x_wconf 85' lang='lat' dir='ltr'><strong>Graecis</strong></span> <span class='ocrx_word' id='word_1_48' title='bbox 619 902 728 960; x_wconf 87' lang='lat' dir='ltr'><strong>Latine</strong></span> <span class='ocrx_word' id='word_1_49' title='bbox 753 905 865 973; x_wconf 86' lang='lat' dir='ltr'><strong>scripta</strong></span> <span class='ocrx_word' id='word_1_50' title='bbox 885 899 1029 958; x_wconf 90' lang='lat' dir='ltr'><strong>deterius.</strong></span> 
     </span>
     <span class='ocr_line' id='line_1_8' title="bbox 139 1010 1031 1087; baseline -0.002 -17"><span class='ocrx_word' id='word_1_51' title='bbox 139 1010 256 1083; x_wconf 87' lang='lat' dir='ltr'><strong>Quibus</strong></span> <span class='ocrx_word' id='word_1_52' title='bbox 271 1034 330 1086; x_wconf 81' lang='lat' dir='ltr'><strong>ego</strong></span> <span class='ocrx_word' id='word_1_53' title='bbox 343 1019 501 1087; x_wconf 88' lang='lat' dir='ltr'><strong>assentior,</strong></span> <span class='ocrx_word' id='word_1_54' title='bbox 516 1015 590 1074; x_wconf 92' lang='lat' dir='ltr'><strong>dum</strong></span> <span class='ocrx_word' id='word_1_55' title='bbox 604 1015 695 1074; x_wconf 91' lang='lat' dir='ltr'><strong>modo</strong></span> <span class='ocrx_word' id='word_1_56' title='bbox 709 1015 749 1074; x_wconf 90' lang='lat' dir='ltr'><strong>de</strong></span> <span class='ocrx_word' id='word_1_57' title='bbox 763 1014 872 1073; x_wconf 91' lang='lat' dir='ltr'><strong>iisdem</strong></span> <span class='ocrx_word' id='word_1_58' title='bbox 886 1013 976 1071; x_wconf 87' lang='lat' dir='ltr'><strong>rebus</strong></span> <span class='ocrx_word' id='word_1_59' title='bbox 992 1031 1031 1069; x_wconf 90' lang='lat' dir='ltr'><strong>ne</strong></span> 
     </span>
     <span class='ocr_line' id='line_1_9' title="bbox 139 1127 1032 1202; baseline -0.001 -18"><span class='ocrx_word' id='word_1_60' title='bbox 139 1127 271 1186; x_wconf 87' lang='lat' dir='ltr'><strong>Graecos</strong></span> <span class='ocrx_word' id='word_1_61' title='bbox 290 1128 415 1201; x_wconf 91' lang='lat' dir='ltr'><strong>quidem</strong></span> <span class='ocrx_word' id='word_1_62' title='bbox 433 1129 581 1201; x_wconf 86' lang='lat' dir='ltr'><strong>legendos</strong></span> <span class='ocrx_word' id='word_1_63' title='bbox 601 1136 720 1202; x_wconf 88' lang='lat' dir='ltr'><strong>putent.</strong></span> <span class='ocrx_word' id='word_1_64' title='bbox 767 1130 826 1187; x_wconf 88' lang='lat' dir='ltr'><strong>Res</strong></span> <span class='ocrx_word' id='word_1_65' title='bbox 845 1148 916 1186; x_wconf 89' lang='lat' dir='ltr'><strong>vero</strong></span> <span class='ocrx_word' id='word_1_66' title='bbox 938 1127 1032 1184; x_wconf 91' lang='lat' dir='ltr'><strong>bonas</strong></span> 
     </span>
     <span class='ocr_line' id='line_1_10' title="bbox 139 1242 1031 1329; baseline -0.001 -32"><span class='ocrx_word' id='word_1_67' title='bbox 139 1242 237 1300; x_wconf 91' lang='lat' dir='ltr'><strong>verbis</strong></span> <span class='ocrx_word' id='word_1_68' title='bbox 266 1243 372 1302; x_wconf 89' lang='lat' dir='ltr'><strong>electis</strong></span> <span class='ocrx_word' id='word_1_69' title='bbox 400 1249 534 1315; x_wconf 84' lang='lat' dir='ltr'><strong>graviter</strong></span> <span class='ocrx_word' id='word_1_70' title='bbox 563 1251 730 1315; x_wconf 85' lang='lat' dir='ltr'><strong>ornateque</strong></span> <span class='ocrx_word' id='word_1_71' title='bbox 755 1242 852 1329; x_wconf 79' lang='lat' dir='ltr'><strong>dictas</strong></span> <span class='ocrx_word' id='word_1_72' title='bbox 877 1244 944 1313; x_wconf 89' lang='lat' dir='ltr'><strong>quis</strong></span> <span class='ocrx_word' id='word_1_73' title='bbox 969 1259 1031 1297; x_wconf 91' lang='lat' dir='ltr'><strong>non</strong></span> 
     </span>
     <span class='ocr_line' id='line_1_11' title="bbox 138 1353 1033 1444; baseline 0 -33"><span class='ocrx_word' id='word_1_74' title='bbox 138 1353 243 1444; x_wconf 67' lang='lat' dir='ltr'><strong>legat?</strong></span> <span class='ocrx_word' id='word_1_75' title='bbox 273 1358 340 1415; x_wconf 92' lang='lat' dir='ltr'><strong>Nisi</strong></span> <span class='ocrx_word' id='word_1_76' title='bbox 362 1362 413 1429; x_wconf 88' lang='lat' dir='ltr'><strong>qui</strong></span> <span class='ocrx_word' id='word_1_77' title='bbox 438 1378 470 1415; x_wconf 91' lang='lat' dir='ltr'><strong>se</strong></span> <span class='ocrx_word' id='word_1_78' title='bbox 493 1358 584 1431; x_wconf 90' lang='lat' dir='ltr'><strong>plane</strong></span> <span class='ocrx_word' id='word_1_79' title='bbox 606 1359 756 1416; x_wconf 88' lang='lat' dir='ltr'><strong>Graecum</strong></span> <span class='ocrx_word' id='word_1_80' title='bbox 777 1356 837 1415; x_wconf 93' lang='lat' dir='ltr'><strong>dici</strong></span> <span class='ocrx_word' id='word_1_81' title='bbox 858 1355 944 1426; x_wconf 91' lang='lat' dir='ltr'><strong>velit,</strong></span> <span class='ocrx_word' id='word_1_82' title='bbox 958 1361 995 1412; x_wconf 87' lang='lat' dir='ltr'><strong>ut</strong></span> <span class='ocrx_word' id='word_1_83' title='bbox 1015 1375 1033 1411; x_wconf 92' lang='lat' dir='ltr'><strong>a</strong></span> 
     </span>
     <span class='ocr_line' id='line_1_12' title="bbox 99 1468 1031 1545; baseline -0.009 -12"><span class='ocrx_word' id='word_1_84' title='bbox 99 1473 118 1533; x_wconf 92' lang='lat'><strong>9</strong></span> <span class='ocrx_word' id='word_1_85' title='bbox 140 1469 284 1528; x_wconf 88' lang='lat' dir='ltr'><strong>Scaevola</strong></span> <span class='ocrx_word' id='word_1_86' title='bbox 309 1479 357 1530; x_wconf 87' lang='lat' dir='ltr'><strong>est</strong></span> <span class='ocrx_word' id='word_1_87' title='bbox 381 1480 521 1545; x_wconf 88' lang='lat' dir='ltr'><strong>praetore</strong></span> <span class='ocrx_word' id='word_1_88' title='bbox 546 1473 694 1531; x_wconf 86' lang='lat' dir='ltr'><strong>salutatus</strong></span> <span class='ocrx_word' id='word_1_89' title='bbox 715 1471 847 1529; x_wconf 88' lang='lat' dir='ltr'><strong>Athenis</strong></span> <span class='ocrx_word' id='word_1_90' title='bbox 876 1468 1031 1526; x_wconf 86' lang='lat' dir='ltr'><strong>Albucius.</strong></span> 
     </span>
     <span class='ocr_line' id='line_1_13' title="bbox 140 1583 1033 1657; baseline -0.002 -15"><span class='ocrx_word' id='word_1_91' title='bbox 140 1583 242 1655; x_wconf 86' lang='lat' dir='ltr'><strong>Quem</strong></span> <span class='ocrx_word' id='word_1_92' title='bbox 261 1586 385 1657; x_wconf 91' lang='lat' dir='ltr'><strong>quidem</strong></span> <span class='ocrx_word' id='word_1_93' title='bbox 404 1587 504 1645; x_wconf 91' lang='lat' dir='ltr'><strong>locum</strong></span> <span class='ocrx_word' id='word_1_94' title='bbox 524 1608 593 1645; x_wconf 91' lang='lat' dir='ltr'><strong>cum</strong></span> <span class='ocrx_word' id='word_1_95' title='bbox 612 1587 709 1645; x_wconf 83' lang='lat' dir='ltr'><strong>multa</strong></span> <span class='ocrx_word' id='word_1_96' title='bbox 722 1592 883 1644; x_wconf 85' lang='lat' dir='ltr'><strong>venustate</strong></span> <span class='ocrx_word' id='word_1_97' title='bbox 901 1591 934 1642; x_wconf 90' lang='lat' dir='ltr'><strong>et</strong></span> <span class='ocrx_word' id='word_1_98' title='bbox 950 1587 1033 1640; x_wconf 91' lang='lat' dir='ltr'><strong>omni</strong></span> 
     </span>
    </p>
   </div>
   <div class='ocr_carea' id='block_1_4' title="bbox 140 1698 1002 1774">
    <p class='ocr_par' dir='ltr' id='par_1_4' title="bbox 140 1698 1002 1774">
     <span class='ocr_line' id='line_1_14' title="bbox 140 1698 1002 1774; baseline -0.001 -18"><span class='ocrx_word' id='word_1_99' title='bbox 140 1698 202 1757; x_wconf 86' lang='lat' dir='ltr'><strong>sale</strong></span> <span class='ocrx_word' id='word_1_100' title='bbox 216 1699 299 1758; x_wconf 91' lang='lat' dir='ltr'><strong>idem</strong></span> <span class='ocrx_word' id='word_1_101' title='bbox 315 1701 458 1773; x_wconf 84' lang='lat' dir='ltr'><strong>Lucilius,</strong></span> <span class='ocrx_word' id='word_1_102' title='bbox 473 1701 554 1774; x_wconf 92' lang='lat' dir='ltr'><strong>apud</strong></span> <span class='ocrx_word' id='word_1_103' title='bbox 569 1722 661 1773; x_wconf 91' lang='lat' dir='ltr'><strong>quem</strong></span> <span class='ocrx_word' id='word_1_104' title='bbox 675 1700 828 1773; x_wconf 87' lang='lat' dir='ltr'><strong>praeclare</strong></span> <span class='ocrx_word' id='word_1_105' title='bbox 843 1698 1002 1758; x_wconf 88' lang='lat' dir='ltr'><strong>Scaevola:</strong></span> 
     </span>
    </p>
   </div>
   <div class='ocr_carea' id='block_1_5' title="bbox 179 1843 1038 3236">
    <p class='ocr_par' dir='ltr' id='par_1_5' title="bbox 179 1843 946 1931">
     <span class='ocr_line' id='line_1_15' title="bbox 179 1843 946 1931; baseline -0.005 -15"><span class='ocrx_word' id='word_1_106' title='bbox 179 1843 356 1917; x_wconf 78' lang='lat' dir='ltr'><strong>“Graecum</strong></span> <span class='ocrx_word' id='word_1_107' title='bbox 370 1867 413 1931; x_wconf 88' lang='lat' dir='ltr'><strong>te,</strong></span> <span class='ocrx_word' id='word_1_108' title='bbox 428 1860 549 1931; x_wconf 81' lang='lat' dir='ltr'><strong>Albuci,</strong></span> <span class='ocrx_word' id='word_1_109' title='bbox 564 1880 655 1931; x_wconf 85' lang='lat' dir='ltr'><strong>quam</strong></span> <span class='ocrx_word' id='word_1_110' title='bbox 672 1858 839 1916; x_wconf 86' lang='lat' dir='ltr'><strong>Romanum</strong></span> <span class='ocrx_word' id='word_1_111' title='bbox 853 1863 946 1927; x_wconf 79' lang='lat' dir='ltr'><strong>alque</strong></span> 
     </span>
    </p>

    <p class='ocr_par' dir='ltr' id='par_1_6' title="bbox 286 1968 442 2041">
     <span class='ocr_line' id='line_1_16' title="bbox 286 1968 442 2041; baseline -0.006 -14"><span class='ocrx_word' id='word_1_112' title='bbox 286 1968 442 2041; x_wconf 88' lang='lat' dir='ltr'><strong>Sabinum,</strong></span> 
     </span>
    </p>

    <p class='ocr_par' dir='ltr' id='par_1_7' title="bbox 204 2076 910 2149">
     <span class='ocr_line' id='line_1_17' title="bbox 204 2076 910 2149; baseline -0.003 -16"><span class='ocrx_word' id='word_1_113' title='bbox 204 2076 392 2149; x_wconf 87' lang='lat' dir='ltr'><strong>Municipem</strong></span> <span class='ocrx_word' id='word_1_114' title='bbox 408 2077 507 2149; x_wconf 86' lang='lat' dir='ltr'><strong>Ponti,</strong></span> <span class='ocrx_word' id='word_1_115' title='bbox 522 2078 671 2145; x_wconf 86' lang='lat' dir='ltr'><strong>Tritanni,</strong></span> <span class='ocrx_word' id='word_1_116' title='bbox 687 2079 910 2145; x_wconf 82' lang='lat' dir='ltr'><strong>centurionum,</strong></span> 
     </span>
    </p>

    <p class='ocr_par' dir='ltr' id='par_1_8' title="bbox 207 2181 1035 2256">
     <span class='ocr_line' id='line_1_18' title="bbox 207 2181 1035 2256; baseline -0.002 -15"><span class='ocrx_word' id='word_1_117' title='bbox 207 2183 430 2244; x_wconf 85' lang='lat' dir='ltr'><strong>Praeclarorum</strong></span> <span class='ocrx_word' id='word_1_118' title='bbox 462 2185 620 2244; x_wconf 91' lang='lat' dir='ltr'><strong>hominum</strong></span> <span class='ocrx_word' id='word_1_119' title='bbox 651 2205 686 2242; x_wconf 87' lang='lat' dir='ltr'><strong>ac</strong></span> <span class='ocrx_word' id='word_1_120' title='bbox 718 2188 883 2256; x_wconf 87' lang='lat' dir='ltr'><strong>primorum</strong></span> <span class='ocrx_word' id='word_1_121' title='bbox 910 2181 1035 2252; x_wconf 81' lang='lat' dir='ltr'><strong>signife-</strong></span> 
     </span>
    </p>

    <p class='ocr_par' dir='ltr' id='par_1_9' title="bbox 213 2313 423 2366">
     <span class='ocr_line' id='line_1_19' title="bbox 213 2313 423 2366; baseline 0 -14"><span class='ocrx_word' id='word_1_122' title='bbox 213 2349 222 2365; x_wconf 70' lang='grc'><em>,</em></span> <span class='ocrx_word' id='word_1_123' title='bbox 285 2313 423 2366; x_wconf 87' lang='lat' dir='ltr'><strong>rumque,</strong></span> 
     </span>
    </p>

    <p class='ocr_par' dir='ltr' id='par_1_10' title="bbox 204 2400 952 2473">
     <span class='ocr_line' id='line_1_20' title="bbox 204 2400 952 2473; baseline -0.003 -15"><span class='ocrx_word' id='word_1_124' title='bbox 204 2401 341 2461; x_wconf 88' lang='lat' dir='ltr'><strong>Maluisti</strong></span> <span class='ocrx_word' id='word_1_125' title='bbox 355 2403 415 2461; x_wconf 89' lang='lat' dir='ltr'><strong>dici</strong></span> <span class='ocrx_word' id='word_1_126' title='bbox 423 2423 431 2472; x_wconf 90' lang='lat'>;</span> <span class='ocrx_word' id='word_1_127' title='bbox 454 2403 570 2461; x_wconf 86' lang='lat' dir='ltr'><strong>Graece</strong></span> <span class='ocrx_word' id='word_1_128' title='bbox 586 2421 659 2473; x_wconf 83' lang='lat' dir='ltr'><strong>ergo</strong></span> <span class='ocrx_word' id='word_1_129' title='bbox 673 2408 795 2473; x_wconf 87' lang='lat' dir='ltr'><strong>praetor</strong></span> <span class='ocrx_word' id='word_1_130' title='bbox 809 2400 952 2470; x_wconf 80' lang='lat' dir='ltr'><strong>Athenis,</strong></span> 
     </span>
    </p>

    <p class='ocr_par' dir='ltr' id='par_1_11' title="bbox 206 2508 1027 2582">
     <span class='ocr_line' id='line_1_21' title="bbox 206 2508 1027 2582; baseline 0.001 -15"><span class='ocrx_word' id='word_1_131' title='bbox 206 2509 242 2568; x_wconf 92' lang='lat' dir='ltr'><strong>ld</strong></span> <span class='ocrx_word' id='word_1_132' title='bbox 256 2512 338 2582; x_wconf 91' lang='lat' dir='ltr'><strong>quod</strong></span> <span class='ocrx_word' id='word_1_133' title='bbox 352 2511 495 2582; x_wconf 91' lang='lat' dir='ltr'><strong>maluisti,</strong></span> <span class='ocrx_word' id='word_1_134' title='bbox 510 2519 553 2581; x_wconf 87' lang='lat' dir='ltr'><strong>te,</strong></span> <span class='ocrx_word' id='word_1_135' title='bbox 568 2530 638 2568; x_wconf 91' lang='lat' dir='ltr'><strong>cum</strong></span> <span class='ocrx_word' id='word_1_136' title='bbox 651 2509 690 2568; x_wconf 88' lang='lat' dir='ltr'><strong>ad</strong></span> <span class='ocrx_word' id='word_1_137' title='bbox 705 2529 754 2567; x_wconf 92' lang='lat' dir='ltr'><strong>me</strong></span> <span class='ocrx_word' id='word_1_138' title='bbox 769 2509 898 2578; x_wconf 79' lang='lat' dir='ltr'><strong>accedia,</strong></span> <span class='ocrx_word' id='word_1_139' title='bbox 913 2508 1027 2568; x_wconf 85' lang='lat' dir='ltr'><strong>saluto:</strong></span> 
     </span>
    </p>

    <p class='ocr_par' dir='ltr' id='par_1_12' title="bbox 205 2604 1037 2799">
     <span class='ocr_line' id='line_1_22' title="bbox 205 2604 1037 2690; baseline 0 -15"><span class='ocrx_word' id='word_1_140' title='bbox 205 2604 328 2690; x_wconf 76' lang='lat' dir='ltr'><strong>‘Xuipe,’</strong></span> <span class='ocrx_word' id='word_1_141' title='bbox 353 2623 486 2690; x_wconf 87' lang='lat' dir='ltr'><strong>inquam,</strong></span> <span class='ocrx_word' id='word_1_142' title='bbox 511 2606 626 2677; x_wconf 80' lang='lat' dir='ltr'><strong>‘Titel’</strong></span> <span class='ocrx_word' id='word_1_143' title='bbox 653 2618 799 2688; x_wconf 87' lang='lat' dir='ltr'><strong>Lictores,</strong></span> <span class='ocrx_word' id='word_1_144' title='bbox 819 2625 919 2676; x_wconf 88' lang='lat' dir='ltr'><strong>turma</strong></span> <span class='ocrx_word' id='word_1_145' title='bbox 938 2622 1037 2676; x_wconf 91' lang='lat' dir='ltr'><strong>omnis</strong></span> 
     </span>
     <span class='ocr_line' id='line_1_23' title="bbox 287 2717 486 2799; baseline 0 -14"><span class='ocrx_word' id='word_1_146' title='bbox 287 2717 486 2799; x_wconf 86' lang='lat' dir='ltr'><strong>cohorsque¹:</strong></span> 
     </span>
    </p>

    <p class='ocr_par' dir='ltr' id='par_1_13' title="bbox 206 2820 1038 3168">
     <span class='ocr_line' id='line_1_24' title="bbox 206 2820 1038 2906; baseline 0.001 -15"><span class='ocrx_word' id='word_1_147' title='bbox 206 2820 321 2906; x_wconf 61' lang='lat' dir='ltr'><strong>‘Xaipe</strong></span> <span class='ocrx_word' id='word_1_148' title='bbox 348 2835 447 2893; x_wconf 78' lang='lat' dir='ltr'><strong>Titei’</strong></span> <span class='ocrx_word' id='word_1_149' title='bbox 472 2837 556 2894; x_wconf 93' lang='lat' dir='ltr'><strong>Hinc</strong></span> <span class='ocrx_word' id='word_1_150' title='bbox 584 2836 679 2895; x_wconf 95' lang='lat' dir='ltr'><strong>hostis</strong></span> <span class='ocrx_word' id='word_1_151' title='bbox 708 2839 750 2894; x_wconf 91' lang='lat' dir='ltr'><strong>mi</strong></span> <span class='ocrx_word' id='word_1_152' title='bbox 780 2835 936 2904; x_wconf 92' lang='lat' dir='ltr'><strong>Albucius,</strong></span> <span class='ocrx_word' id='word_1_153' title='bbox 965 2832 1038 2892; x_wconf 91' lang='lat' dir='ltr'><strong>hinc</strong></span> 
     </span>
     <span class='ocr_line' id='line_1_25' title="bbox 289 2944 457 3001; baseline 0.012 -2"><span class='ocrx_word' id='word_1_154' title='bbox 289 2944 457 3001; x_wconf 84' lang='lat' dir='ltr'><strong>inimicus.&#39;’</strong></span> 
     </span>
     <span class='ocr_line' id='line_1_26' title="bbox 279 3099 963 3168; baseline -0.004 -16"><span class='ocrx_word' id='word_1_155' title='bbox 279 3102 432 3168; x_wconf 81' lang='lat' dir='ltr'><strong>&#39;cohorsque</strong></span> <span class='ocrx_word' id='word_1_156' title='bbox 445 3103 593 3164; x_wconf 80' lang='lat' dir='ltr'><strong>Manutius,</strong></span> <span class='ocrx_word' id='word_1_157' title='bbox 608 3102 696 3163; x_wconf 87' lang='lat' dir='ltr'><strong>Mdv.;</strong></span> <span class='ocrx_word' id='word_1_158' title='bbox 714 3102 868 3166; x_wconf 83' lang='lat' dir='ltr'><strong>chorusque,</strong></span> <span class='ocrx_word' id='word_1_159' title='bbox 883 3099 963 3150; x_wconf 90' lang='lat' dir='ltr'>MSS.</span> 
     </span>
    </p>

    <p class='ocr_par' dir='ltr' id='par_1_14' title="bbox 221 3186 257 3236">
     <span class='ocr_line' id='line_1_27' title="bbox 221 3186 257 3236; baseline 0.028 -1"><span class='ocrx_word' id='word_1_160' title='bbox 221 3186 257 3236; x_wconf 91' lang='lat' dir='ltr'><strong>l0</strong></span> 
     </span>
    </p>
   </div>
   <div class='ocr_carea' id='block_1_6' title="bbox 0 0 1176 3682">
    <p class='ocr_par' dir='ltr' id='par_1_15' title="bbox 0 0 1176 3682">
     <span class='ocr_line' id='line_1_28' title="bbox 0 0 1176 3682; baseline 0 0"><span class='ocrx_word' id='word_1_161' title='bbox 0 0 1176 3682; x_wconf 95' lang='lat' dir='ltr'><strong> </strong></span> 
     </span>
    </p>
   </div>
  </div>
 </body>
</html>
