2310 3682
417 266 567 326 CICERO
590 262 648 324 DE
671 261 840 323 FINIBUS

182 390 303 449 cotidie.
347 389 435 461 Quae
464 391 522 446 etsi
549 386 625 445 mihi
653 386 738 444 nullo
772 385 863 443 modo
898 384 1074 456 probantur,

182 494 286 544 tamen
302 485 523 554 Democritum,
538 483 695 541 laudatum
714 502 732 539 a
746 485 866 552 ceteris,
881 480 920 537 ab
939 478 1007 549 hoc,
1021 479 1074 549 qui

182 602 254 640 eum
267 601 363 639 unum
377 588 499 639 secutus
514 586 605 650 esset,
619 578 734 637 nollem
749 581 961 649 vituperatum.

224 677 294 735 Vll.
316 662 410 734 “Iam
430 679 463 734 in
479 675 576 734 altera
592 674 801 752 philosophiae
819 680 916 746 parte,
931 692 1009 744 quae
1027 678 1075 729 est

184 773 351 845 quaerendi
373 793 408 830 ac
433 771 612 843 disserendi,
635 791 713 844 quae
739 770 847 842 λογική
872 769 994 840 dicitur,
1017 772 1076 827 iste

185 877 286 936 vester
300 869 400 941 plane,
412 877 447 927 ut
460 868 536 926 mihi
550 868 675 940 quidem
689 867 821 939 videtur,
832 870 956 924 inermis
969 885 1005 923 ac
1019 884 1076 923 nu·

184 965 241 1024 dus
261 973 316 1023 est
354 964 448 1022 Tollit
469 964 677 1032 definitiones;
699 963 776 1021 nihil
797 963 837 1021 de
856 962 1022 1020 dividendo
1043 981 1079 1018 ac

185 1060 346 1132 partiendo
367 1060 474 1130 docet3
496 1080 559 1118 non
577 1059 729 1132 quomodo
751 1060 897 1118 efficiatur
918 1056 1079 1116 concluda-

185 1165 296 1229 turque
315 1160 393 1215 ratio
415 1156 525 1225 tradit;
547 1177 609 1214 non
627 1177 686 1228 qua
700 1159 748 1213 via
762 1159 896 1227 captiosa
915 1155 1079 1224 solvantur,

185 1254 327 1324 ambigua
350 1252 579 1322 distinguantur
600 1252 751 1320 ostendit3
783 1251 893 1310 iudicia
918 1270 1020 1308 rerum
1048 1252 1080 1306 in

186 1349 323 1406 sensibus
337 1352 434 1419 ponit,
450 1348 559 1418 quibus
573 1351 599 1406 si
613 1347 707 1406 semel
723 1347 838 1419 aliquid
857 1346 924 1404 falsi
939 1366 994 1418 pro
1008 1365 1080 1404 vero

186 1445 347 1516 probatum
368 1448 417 1515 sit,
432 1444 586 1503 sublatum
605 1465 671 1503 esse
691 1463 781 1501 omne
803 1444 948 1502 iudicium
963 1447 1026 1502 veri
1048 1450 1082 1501 et

186 1539 254 1597 falsi
268 1547 364 1611 putat.
379 1582 385 1597 .
400 1583 427 1598 ..

229 1640 453 1699 ...Confirmat
472 1648 576 1699 autem
596 1641 673 1699 illud
694 1641 743 1699 vel
762 1646 892 1705 maxime
914 1640 996 1713 quod
1016 1646 1082 1714 ipsa

186 1743 305 1808 natura,
316 1745 351 1795 ut
365 1741 409 1794 ait
419 1737 482 1808 ille,
494 1741 603 1795 sciscat
615 1744 647 1795 et
658 1738 777 1809 probet,
788 1738 820 1795 id
832 1745 879 1796 est
890 1737 1080 1809 voluptatem

188 1840 221 1891 et
235 1832 379 1891 dolorem.
417 1831 468 1890 Ad
486 1832 563 1890 haec
578 1839 611 1890 et
625 1852 703 1904 quae
717 1853 879 1905 sequamur
893 1841 926 1892 et
940 1854 1018 1905 quae
1033 1833 1081 1891 fu·

187 1932 304 2000 giamus
319 1928 414 1988 refert
428 1931 536 1985 omnia
568 1927 659 2000 Quod
673 1949 856 2001 quamquam
872 1929 1019 2002 Aristippi
1034 1937 1082 1988 est

187 2045 206 2082 a
217 2025 450 2096 Cyrenaicisque
460 2023 569 2082 melius
583 2023 767 2096 liberiusque
778 2024 966 2097 defenditur,
976 2033 1082 2083 tamen

189 2119 337 2178 eiusmodi
357 2138 423 2177 esse
442 2118 543 2176 iudico
562 2127 597 2176 ut
616 2119 693 2176 nihil
712 2119 836 2178 homine
849 2121 989 2179 videatur
1002 2120 1081 2179 indi-

188 2220 286 2287 gnius
303 2215 353 2273 Ad
363 2219 476 2272 maiora
487 2218 570 2272 enim
581 2213 730 2285 quaedam
741 2236 796 2274 nos
806 2224 915 2274 natura
924 2221 1033 2288 genuit
1049 2224 1083 2275 et

189 2310 398 2380 conformavit,
413 2317 448 2368 ut
462 2308 536 2366 mihi
551 2310 675 2381 quidem
686 2311 815 2370 videtur.
839 2312 885 2370 Ac
901 2312 965 2370 fieri
979 2320 1084 2384 potest

189 2415 225 2465 ut
239 2425 352 2475 errem;
374 2405 428 2463 sed
447 2409 490 2462 ita
508 2424 628 2476 prorsus
643 2411 793 2479 existimo,
807 2428 908 2479 neque
924 2429 995 2466 eum
1009 2409 1083 2467 Tor-

189 2509 316 2574 quatum
322 2505 373 2572 qui
380 2500 437 2558 hoc
443 2504 556 2572 primus
563 2521 732 2573 cognomen
741 2496 870 2562 invenitl
879 2513 933 2563 aut
941 2512 1082 2577 torquem

190 2597 277 2656 illum
297 2597 379 2654 hosti
400 2595 566 2655 detraxisse
587 2606 622 2656 ut
640 2598 772 2670 aliquam
794 2621 832 2659 ex
853 2621 890 2659 eo
911 2605 1083 2674 perciperet

190 2712 314 2764 corpore
328 2690 517 2762 voluptatem
535 2701 589 2751 aut
603 2714 673 2752 cum
688 2694 804 2755 Latinis
818 2701 910 2755 tertio
925 2697 1084 2756 consulatu

322 2800 448 2853 ¹invenit
459 2805 490 2864 B,
504 2805 541 2862 E;
560 2806 697 2856 invenerit
705 2808 730 2856 A
742 2808 796 2857 and
808 2809 853 2859 inf.
870 2809 948 2859 MSS.

192 3007 208 3056 b
232 2942 384 3056 ‘dinGreek
393 2943 478 3007 Logic
488 2946 608 3023 διᾳίρεςις,
616 2949 661 2995 the
669 2947 779 2997 method
787 2949 970 3013 oldefininga
977 2952 1085 3014 species

210 3009 1086 3147 tltt'ltsltfflltt?ltssuttsslflttltllitt,0oe

193 3140 260 3190 than
271 3155 322 3189 one
335 3148 462 3191 sentence
473 3143 524 3191 has
537 3142 604 3192 been
616 3145 678 3193 lost.

276 3200 392 3274 24⁸
