2310 3682
366 470 407 525 M.
425 468 569 527 TULLII
587 468 807 527 CICERONIS

558 577 615 634 DE

239 686 261 741 F
263 685 406 744 INIBUS
422 685 632 745 BONORUM
649 685 702 743 ET
717 685 932 744 MALORUM

332 877 342 881 ν
407 793 531 872 LIBER
546 793 767 852 SECUNDUS
849 870 853 874 Α
888 862 893 866 ⁴

912 850 1072 862 ....,-.--—-—-—-·

102 969 114 1018 l
182 903 206 1018 I
231 961 292 1018 Hic
304 980 402 1018 cum
382 969 570 1052 Quae
580 965 752 1018 mtueretur
761 979 887 1051 seseque
896 960 935 1017 ad
946 961 1031 1018 audi

140 1057 253 1115 endum
283 1057 488 1128 significarent
520 1064 648 1128 paratos,
678 1042 867 1126 “Primum’'
897 1060 1072 1127 inquam,

141 1139 313 1226 “deprecor
347 1174 388 1212 ne
412 1173 462 1210 me
491 1161 645 1249 uunquam
674 1153 887 1225 philosophum
916 1157 1032 1225 putetis

141 1250 274 1308 scholam
285 1250 369 1308 vobis
383 1249 514 1319 aliquam
524 1246 753 1319 explicaturum,
763 1249 844 1320 quod
859 1268 898 1307 ne
913 1253 946 1305 in
960 1253 1032 1320 ipsis

142 1346 265 1416 quidem
286 1345 472 1417 philosophis
489 1363 600 1414 magno
620 1364 712 1415 opere
734 1365 877 1416 umquam
898 1345 1030 1416 probavi.

142 1441 272 1513 Quando
288 1447 369 1499 enim
390 1442 539 1515 Socrates,
555 1448 606 1515 qui
620 1461 729 1514 parens
743 1441 952 1512 philosophiae
967 1445 1032 1500 iure

142 1538 202 1595 dici
225 1540 336 1609 potest,
352 1539 517 1610 quidquam
536 1540 599 1598 tale
619 1538 712 1596 fecit?
755 1537 868 1595 Eorum
888 1545 954 1595 erat
973 1534 1032 1596 iste

139 1653 203 1691 mos
232 1638 284 1704 qui
308 1642 374 1691 tum
397 1635 550 1706 sophistae
574 1633 823 1701 nominabantur3
859 1643 1033 1703 quorum'e

141 1749 268 1787 numero
282 1733 395 1802 prImus
410 1738 458 1788 est
471 1751 560 1789 ausus
578 1730 747 1790 Leontinus
768 1729 895 1799 Gorgias
910 1733 941 1785 in
961 1749 1032 1786 con·

141 1833 237 1882 ventu
261 1811 399 1897 ‘poscere
422 1826 651 1897 quaestionem,
676 1825 708 1882 id
733 1833 781 1883 est
802 1825 906 1882 iubere
931 1824 1032 1883 dicere

141 1941 200 1991 qua
215 1921 301 1979 dere
316 1925 382 1991 quis
397 1922 491 1980 vellet
505 1923 618 1981 audIre.
642 1921 750 1979 Audax
768 1924 937 1992 negotium,
951 1920 1033 1979 dice·

140 2036 205 2074 rem
219 2016 390 2087 impudens
401 2021 459 2074 nisi
473 2017 530 2076 hoc
545 2022 719 2076 institutum
734 2024 841 2088 postea
853 2016 1033 2074 translatum

101 2117 118 2168 2
140 2111 180 2169 ad
193 2119 311 2169 nostros
325 2111 519 2184 philosophos
534 2121 622 2172 esset.
650 2112 711 2171 Sed
727 2120 760 2170 et
773 2112 859 2169 illum
874 2131 965 2183 quem
979 2132 1033 2170 no-

140 2211 252 2264 minavi
274 2214 307 2264 et
329 2215 448 2266 ceteros
469 2209 628 2281 sophIstas,
643 2216 678 2266 ut
700 2228 717 2266 e
744 2207 870 2266 Platone
893 2207 1034 2279 intellegi

141 2308 253 2373 potest,
262 2301 342 2360 lusos
354 2303 491 2362 videmus
502 2325 520 2362 a
534 2305 667 2364 Socrate,
691 2303 721 2361 Is
733 2307 815 2360 enim
826 2303 1035 2374 percontando

141 2405 233 2468 atque
255 2400 471 2470 interrogando
489 2401 599 2459 elicere
620 2399 736 2457 solebat
754 2418 858 2456 eorum
877 2403 1034 2470 opiniones

141 2494 320 2564 quibuscum
333 2495 510 2566 disserebat,
522 2504 557 2554 ut
571 2496 609 2553 ad
629 2515 665 2553 ea
680 2513 757 2566 quae
771 2498 793 2550 ii
807 2495 1034 2566 respondissent

142 2593 167 2646 si
181 2589 255 2660 quid
269 2590 424 2649 videretur
438 2592 563 2650 diceret.
592 2590 654 2662 Qui
667 2610 732 2648 mos
747 2610 816 2648 cum
830 2611 849 2646 a
861 2595 1034 2662 posterIori-

129 2674 197 2742 *bus
208 2706 270 2743 non
282 2695 362 2745 esset
376 2694 526 2758 retentus,
537 2686 687 2744 Arcesilas
699 2705 769 2743 eum
783 2691 935 2744 revocavit
949 2691 1035 2751 iusti-

143 2785 263 2852 tuitque
278 2791 313 2840 ut
328 2787 349 2839 ii
364 2788 415 2854 qui
436 2803 468 2840 se
481 2783 586 2840 audire
601 2781 717 2840 vellent
731 2801 793 2839 non
808 2782 848 2840 de
862 2802 894 2840 se
910 2802 1035 2854 quaere·

142 2886 213 2935 rent
237 2878 291 2935 sed
316 2883 373 2950 ipsi
394 2877 534 2935 dicerent
557 2877 631 2948 quid
659 2881 825 2947 sentirent;
858 2878 939 2949 quod
964 2898 1033 2936 cum

141 2972 299 3044 dixissent,
314 2973 366 3031 ille
381 2980 493 3031 contra
529 2973 591 3032 Sed
606 2993 676 3032 eum
690 2977 742 3044 qui
756 2973 922 3031 audiebant
936 2973 1085 3059 QL-

142 3076 284 3140 poterant
294 3067 504 3126 defendebant
513 3074 698 3128 sententiam
709 3088 808 3138 suam;
822 3090 839 3127 a
861 3069 904 3127 ud
917 3077 1035 3140 ceteros

227 3157 264 3215 78
