2310 3682
451 260 602 318 CICERO
624 260 682 318 DE
704 258 873 317 FINIBUS

217 381 296 438 Nam
318 389 372 440 aut
395 385 537 452 privatim
560 380 675 451 aliquid
697 399 805 451 gerere
829 379 958 449 malunt,
981 385 1036 436 aut
1058 383 1111 451 qui

217 477 324 534 altiore
335 482 437 535 animo
448 484 520 534 sunt
531 484 695 547 capessunt
706 496 771 533 rem
782 474 934 546 publicam
944 474 1111 532 honoribus

215 577 409 643 imperiisque
425 572 638 643 adipiscendis,
653 579 708 630 aut
726 579 808 629 totos
828 591 860 628 se
879 571 918 627 ad
938 570 1038 628 studia
1056 571 1110 628 do·

216 673 331 725 ctrinae
346 667 524 737 conferunt;
546 689 605 739 qua
619 671 652 724 in
666 672 729 724 vita
743 675 864 724 tantum
878 668 965 723 abest
979 674 1015 724 ut
1027 666 1109 723 volu-

216 771 317 834 ptates
332 771 556 834 consectentur,
572 768 665 821 etiam
680 783 775 832 curas,
790 762 1021 833 sollicitudines,
1035 767 1110 832 vigi-

215 859 270 917 lias
281 859 450 931 perferunt,
460 864 635 930 optimaque
646 867 733 930 parte
744 859 885 928 hominis,
894 879 971 930 quae
982 863 1014 915 in
1024 860 1109 915 nobis

214 955 317 1012 divina
331 956 473 1013 ducenda
492 964 549 1024 est,
564 960 670 1025 ingeni
691 963 723 1013 et
742 959 855 1013 mentis
873 959 938 1012 acie
957 954 1110 1024 fruuntur,

214 1070 272 1107 nec
288 1051 477 1123 voluptatem
496 1055 688 1122 requirentes
707 1071 765 1109 nec
785 1051 940 1121 fugientes
958 1050 1109 1118 laborem3

214 1166 272 1204 nec
283 1166 354 1204 vero
364 1129 576 1205 intermittunt
586 1155 640 1204 aut
650 1147 882 1204 admirationem
894 1166 997 1203 earum
1008 1166 1109 1204 rerum

215 1262 292 1313 quae
307 1250 379 1300 sunt
399 1244 438 1299 ab
456 1247 590 1313 antiquis
609 1250 750 1313 repertae
769 1251 823 1299 aut
840 1245 1109 1312 investigationem

214 1351 375 1400 novarum;
397 1352 457 1402 quo
477 1331 578 1389 studio
597 1352 666 1389 cum
684 1335 786 1389 satiari
805 1351 867 1388 non
886 1319 1028 1403 possint,1
1045 1352 1108 1388 om-

214 1425 298 1477 nium
322 1429 493 1478 ceterarum
516 1440 618 1477 rerum
640 1421 728 1477 obliti
751 1420 826 1477 nihil
846 1421 1010 1492 abiectum,
1031 1421 1107 1478 nihil

214 1509 328 1566 humile
347 1514 500 1580 cogitant;
515 1516 661 1581 tantaque
680 1517 727 1567 est
744 1515 788 1567 vis
805 1508 917 1567 talibus
937 1513 969 1566 in
989 1511 1108 1582 studiiS,

214 1606 249 1656 ut
258 1618 309 1656 eos
320 1603 413 1656 etiam
421 1604 473 1670 qui
482 1601 539 1656 sibi
549 1598 622 1655 alios
631 1606 855 1670 proposuerunt
865 1598 939 1655 fines
948 1599 1107 1671 bonorum,

214 1708 288 1759 quos
303 1687 438 1746 utilitate
453 1697 507 1745 aut
521 1688 678 1759 voluptate
693 1687 840 1758 dirigunt,
852 1695 956 1744 tamen
970 1692 1003 1744 in
1017 1689 1108 1747 rebus

213 1778 395 1847 quaerendis
410 1777 657 1849 explicandisque
675 1781 791 1834 naturis
810 1784 928 1834 aetates
947 1784 1107 1836 conterere

213 1865 377 1923 videamus.

153 1960 190 2010 58
256 1954 340 2012 XXI.
368 1941 476 2026 “Ergo
485 1955 542 2011 hoc
553 1954 678 2025 quidem
688 1962 826 2026 apparet,
837 1974 891 2012 nos
902 1954 941 2012 ad
951 1956 1107 2026 agendum

213 2063 280 2100 esse
296 2051 391 2101 natos.
435 2044 601 2100 Actionum
623 2051 727 2100 autem
749 2063 864 2113 genera
884 2043 981 2115 plura,
996 2053 1032 2102 ut
1054 2047 1106 2102 ob·

213 2140 374 2189 scurentur
394 2137 487 2189 etiam
506 2134 671 2190 maioribus
690 2137 817 2202 minora,
833 2137 982 2190 maximae
1001 2144 1107 2193 autem

213 2228 285 2278 sunt
299 2225 441 2291 primurn,
456 2229 491 2279 ut
506 2221 582 2278 mihi
596 2222 722 2292 quidem
736 2222 859 2279 videtur
873 2230 905 2279 et
925 2226 960 2280 iis
976 2243 1105 2293 quorum

212 2329 294 2366 nunc
315 2313 346 2366 in
366 2315 484 2368 ratione
504 2331 667 2381 versamur,
688 2311 890 2368 consideratio
910 2317 1105 2384 cognitioque

212 2418 313 2454 rerum
328 2399 507 2457 caelestium
522 2409 555 2458 et
569 2420 673 2457 earum
688 2419 762 2471 quas
777 2420 794 2455 a
812 2407 920 2457 natura
939 2402 1105 2460 occultatas

212 2495 245 2544 et
255 2487 389 2547 latentes
400 2490 545 2560 indagare
557 2495 634 2546 ratio
645 2497 758 2560 potest,
769 2488 882 2546 deinde
893 2509 994 2547 rerum
1006 2492 1105 2563 publi-

212 2596 314 2633 carum
328 2578 550 2636 administratio
566 2586 620 2635 aut
636 2577 867 2636 administrandi
885 2583 1023 2652 scientia,
1038 2584 1105 2639 tum

211 2665 355 2737 prudens,
375 2674 557 2738 temperata,
580 2666 677 2737 fortis,
698 2671 777 2724 iuste
798 2660 884 2736 ratio,
906 2668 1104 2743 reliquaeque

210 2758 339 2812 virtutes
354 2763 386 2813 et
399 2761 535 2814 actiones
549 2758 711 2813 virtutibus
722 2764 935 2826 congruentes,
950 2778 1029 2829 quae
1043 2781 1105 2820 uno

211 2844 304 2900 verbo
319 2845 469 2915 complexi
484 2849 585 2902 omnia
605 2844 734 2902 honesta
753 2845 899 2911 dicimus;
920 2847 959 2903 ad
974 2868 1104 2918 quorum

305 2938 314 2966 ¹
322 2943 428 3004 possint
439 2942 556 2999 Ernesti,
571 2942 683 2999 Miiller3
697 2946 812 3005 possunt
824 2942 913 3002 MSS.,
928 2943 1002 2994 Mdv.

244 3068 288 3114 ίιΑ
312 3067 448 3115 reference
471 3073 499 3114 to
520 3068 566 3114 the
590 3069 765 3130 Epicureans’
795 3070 908 3118 interest
937 3071 964 3121 in
992 3081 1103 3128 natural

212 3133 327 3189 science,
340 3131 491 3181 illustrated
507 3131 544 3196 by
556 3133 705 3184 Lucretius.

293 3216 352 3266 458
