2310 3682
455 239 605 298 CICERO
628 239 685 297 DE
708 239 876 298 FINIBUS

220 369 323 418 nostra
337 370 446 432 sponte
460 380 642 419 moveamur.
674 361 777 432 Atque
792 368 828 417 ut
838 380 856 417 a
867 379 992 432 corpore
1004 360 1113 428 ordiar,

221 461 345 519 videsne
366 469 401 519 ut
422 466 538 532 siquae
558 466 591 518 in
610 463 754 519 membris
774 481 865 532 prava
884 469 938 520 aut
952 460 1112 518 debilitata

220 571 274 619 aut
288 566 451 620 imminuta·
463 567 525 620 sint
538 563 696 620 occultent
710 563 870 621 homines?
885 571 922 620 ut
936 567 1031 619 etiam
1042 582 1111 619 con-

221 664 352 721 tendant
367 671 400 721 et
420 664 589 733 elaborent,
605 668 630 721 si
648 665 766 722 efficere
786 668 912 735 possint,
928 671 963 720 ut
975 671 1036 751 'aut
1051 683 1112 719 non

221 772 366 836 appareat
389 769 520 836 corporis
548 769 656 822 vitium
680 772 735 823 aut
759 784 850 836 quam
874 767 1036 822 minimum
1060 784 1112 834 ap-

221 874 335 937 pareat,
361 866 534 937 multosque
564 870 657 923 etiam
680 866 800 923 dolores
830 870 994 923 curationis
1025 885 1113 922 causa

221 967 377 1038 perferant
391 976 436 1037 ut,
448 971 472 1024 si
487 971 551 1038 ipse
566 987 637 1024 usus
651 967 855 1025 membrorum
870 987 931 1024 non
946 967 1037 1025 modo
1052 987 1114 1023 non

221 1072 315 1125 maior
329 1088 435 1126 verum
450 1073 542 1126 etiam
560 1072 659 1125 minor
678 1068 798 1126 futurus
819 1073 868 1138 sit,
884 1088 989 1125 eorum
1008 1075 1112 1125 tamen

221 1175 338 1242 species
352 1171 390 1228 ad
405 1178 545 1228 naturam
558 1171 751 1227 revertatur?
788 1170 912 1228 Etenim
927 1190 997 1227 cum
1008 1189 1113 1226 omnes

221 1280 330 1329 natura
345 1279 425 1329 totos
441 1292 473 1329 se
494 1272 683 1342 expetendos
703 1279 825 1342 putent,
840 1291 898 1328 nec
917 1271 950 1328 id
970 1271 1009 1328 ob
1023 1271 1113 1328 aliam

221 1393 285 1431 rem
301 1373 355 1430 sed
369 1381 497 1444 propter
508 1377 599 1444 ipsos,
614 1393 740 1430 necesse
755 1380 803 1430 est
818 1377 883 1430 eius
902 1376 996 1430 etiam
1011 1380 1112 1443 partes

221 1481 346 1545 propter
365 1494 397 1531 se
419 1478 522 1544 expeti
540 1473 621 1544 quod
641 1478 816 1531 universum
832 1480 957 1545 propter
972 1493 1004 1530 se
1020 1493 1112 1544 expe-

161 1575 199 1632 47
222 1577 312 1627 tatur.
344 1568 446 1640 Quid?
458 1573 490 1625 in
500 1578 586 1626 motu
602 1575 681 1627 etin
697 1577 779 1626 statu
794 1573 925 1641 corporis
940 1568 1017 1625 nihil
1033 1573 1113 1626 inest

222 1664 303 1736 quod
328 1664 633 1722 animadvertendum
662 1684 728 1721 esse
753 1669 818 1736 ipsa
840 1672 948 1722 natura
976 1664 1112 1722 iudicet?

223 1759 479 1832 quemadmodum
493 1765 560 1831 quis
568 1759 715 1830 ambulet,
728 1761 844 1831 sedeat,
856 1764 909 1831 qui
920 1760 1030 1818 ductus
1046 1765 1113 1829 oris,

223 1861 274 1927 qui
296 1855 397 1912 vultus
418 1860 450 1912 in
471 1875 591 1927 quoque
612 1857 673 1913 sit?
695 1856 813 1913 nihilne
834 1863 882 1914 est
902 1860 935 1912 in
955 1854 1003 1912 his
1024 1856 1115 1913 rebus

223 1951 304 2021 quod
329 1951 457 2021 dignum
480 1951 576 2008 libero
600 1959 654 2008 aut
675 1951 835 2022 indignum
858 1971 924 2009 esse
945 1949 1114 2010 ducamus?

223 2048 334 2104 Nonne
360 2046 430 2104 odio
455 2047 566 2104 multos
596 2047 704 2117 dignos
732 2055 874 2118 putamus
902 2050 954 2117 qui
983 2046 1113 2118 quodam

223 2150 308 2199 motu
330 2149 383 2198 aut
404 2149 486 2199 statu
507 2143 650 2200 videntur
668 2151 794 2200 naturae
814 2142 916 2213 legem
937 2149 970 2199 et
989 2143 1114 2200 modum

224 2239 465 2308 contempsisse?
509 2238 550 2295 Et
578 2243 719 2309 quoniam
748 2238 824 2295 haec
853 2238 1048 2296 deducuntur
1076 2239 1114 2296 de

193 2381 195 2386 .
224 2353 358 2404 corpore,
380 2333 454 2405 quid
476 2342 523 2391 est
544 2354 597 2392 cur
618 2354 680 2391 non
701 2343 785 2392 recte
807 2318 1002 2406 pulchritudo
1023 2339 1115 2392 etiam

222 2435 287 2501 ipsa
301 2436 426 2501 propter
440 2449 472 2486 se
484 2430 658 2501 expetenda
668 2430 817 2487 ducatur?
854 2431 933 2487 Nam
945 2434 970 2486 si
985 2434 1115 2501 pravita-

222 2534 287 2585 tem
298 2530 604 2597 imminutionemque
616 2531 747 2598 corporis
758 2533 883 2597 propter
893 2545 926 2583 se
937 2525 1115 2596 fugiendam

224 2630 375 2693 putamus,
391 2641 444 2678 cur
463 2642 525 2679 non
545 2626 648 2692 etiarn,
668 2642 703 2679 ac
722 2621 850 2679 fortasse
869 2626 976 2692 magis,
990 2630 1116 2695 propter

223 2738 255 2775 se
270 2718 384 2775 formae
399 2717 583 2787 dignitatem
594 2719 775 2789 sequamur?
805 2717 846 2774 Et
857 2721 880 2775 si
892 2719 1115 2790 turpitudinem

223 2814 357 2884 fugimus
371 2818 403 2871 in
420 2821 502 2871 statu
518 2821 551 2871 et
565 2821 651 2870 motu
666 2818 807 2885 emporia,
822 2814 895 2885 quid
911 2822 959 2873 est
978 2836 1032 2873 cur
1049 2815 1114 2888 pul-

223 2910 429 2968 chritudinem
458 2929 521 2966 non
550 2911 731 2980 sequamur?
778 2910 882 2981 Atque
912 2915 1006 2968 etiam
1036 2912 1115 2969 vale·

223 3006 374 3075 tudinem,
408 3009 496 3073 vireS,
530 3008 714 3062 vacuitatem
748 3004 859 3063 doloris
892 3026 954 3064 non
991 3016 1114 3080 propter

224 3100 391 3245 utilitate6m
420 3098 516 3156 solum
545 3099 599 3156 sed
629 3104 722 3165 etiam
744 3104 823 3171 ipsas
851 3108 976 3178 propter
1001 3122 1034 3161 se
1063 3123 1113 3161 ex-

307 3190 346 3245 44
