2310 3682
303 258 307 263 ·
394 224 544 284 CICERO
567 225 624 283 DE
647 224 816 284 FINIBUS

155 353 217 407 vita
242 356 329 406 tanto
349 367 442 420 opere
462 346 670 419 quaerendum
692 366 782 418 quam
803 367 873 404 cum
894 348 995 405 omnia
1016 348 1050 401 in

156 458 355 531 philosophia,
370 464 437 514 turn
455 455 486 513 id
503 456 585 527 quod
599 454 646 513 his
660 455 744 513 libris
761 459 927 527 quaeritur,
942 457 994 525 qui
1010 457 1050 511 sit

157 567 233 638 finis,
249 567 322 638 quid
342 572 522 635 extremum,
538 564 611 634 quid
631 564 772 622 ultimum
792 584 852 636 quo
870 568 931 622 sint
948 565 1050 620 omnia

156 675 237 733 bene
259 673 380 732 vivendi
403 679 548 743 recteque
570 672 703 730 faciendi
727 672 851 730 consilia
873 671 1050 739 referenda3

157 783 230 854 quid
244 789 388 853 sequatur
405 789 513 840 natura
527 788 562 838 ut
576 801 727 838 summum
742 801 780 839 ex
794 781 885 838 rebus
902 787 1050 852 expeten-

158 892 213 963 dis,
229 890 303 962 quid
317 891 416 961 fugiat
429 898 464 948 ut
479 897 650 948 extremum
664 889 830 947 malorum?
874 887 943 961 Qua
959 888 999 946 de
1016 908 1050 946 re

157 1019 226 1057 curn
242 1004 282 1057 sit
295 1003 377 1056 inter
390 998 580 1056 doctissimos
594 1017 711 1056 summa
725 997 881 1068 dissensio,
897 1001 964 1068 quis
977 997 1051 1053 alie-

157 1128 232 1166 num
253 1115 343 1180 putet
364 1111 428 1166 eius
450 1127 516 1165 esse
537 1106 696 1177 dignitatis
715 1127 805 1178 quam
827 1106 902 1163 mihi
923 1109 1052 1177 quisque

158 1217 282 1287 tribuat,
311 1215 384 1288 quid
413 1220 445 1273 in
473 1219 555 1272 omni
584 1234 710 1272 munere
736 1220 817 1273 vitae
845 1219 995 1286 optimum
1018 1221 1052 1271 et

99 1333 136 1382 12
159 1329 347 1383 verissimum
382 1328 422 1382 sit
464 1324 641 1394 exquirere?
688 1323 748 1394 An,
784 1331 888 1394 partus
923 1320 1052 1379 ancillae

158 1439 238 1492 sitne
257 1438 290 1490 in
310 1433 411 1491 fructu
430 1431 600 1502 habendus,
618 1431 783 1490 disseretur
801 1435 883 1490 inter
900 1433 1053 1503 principes

158 1547 298 1613 civitatis,
329 1541 360 1600 P.
391 1540 566 1600 Scaevolam
596 1541 793 1612 Maniumque
818 1539 988 1610 Manilium,
1013 1540 1053 1596 ab

158 1655 253 1722 iisque
278 1651 319 1707 M.
337 1649 448 1708 Brutus
468 1649 630 1707 dissentiet
649 1637 743 1719 (quod
763 1657 796 1706 et
814 1656 937 1705 acutum
954 1667 1053 1719 genus

159 1766 206 1816 est
224 1767 257 1816 et
269 1757 309 1815 ad
323 1776 394 1815 usus
414 1761 524 1814 civium
544 1776 606 1813 non
626 1756 745 1827 inutile,
760 1777 875 1828 nosque
890 1776 926 1814 ea
941 1760 1053 1828 scripta

57 1893 61 1912 ¹
159 1867 335 1939 reliquaque
358 1865 495 1924 eiusdem
517 1869 640 1936 generis
661 1872 695 1923 et
717 1865 846 1937 legimus
867 1865 1001 1922 libenter
1021 1871 1054 1922 et

159 1962 331 2046 legemus);
368 1974 445 2032 haec
483 1993 560 2045 quae
592 1977 687 2031 vitam
730 1993 850 2031 omnem
892 1976 1054 2030 continent

159 2083 383 2155 neglegentur?
422 2082 500 2139 Nam
525 2090 559 2139 ut
585 2087 647 2140 sint
670 2081 721 2138 illa
743 2081 951 2151 vendibiliora,
976 2080 1053 2138 haec

160 2193 299 2249 uberiora
319 2197 403 2248 certe
421 2197 500 2248 sunt.
545 2190 737 2262 Quamquam
754 2189 786 2247 id
805 2190 929 2261 quidem
947 2188 1054 2247 licebit

159 2303 196 2356 iis
210 2301 382 2355 existimare
396 2302 448 2369 qui
462 2297 603 2368 legerint.
641 2297 704 2354 Nos
718 2304 821 2354 autem
835 2296 913 2353 hanc
928 2314 1051 2352 omnem

160 2410 368 2478 quaestionem
392 2406 432 2464 de
457 2406 566 2463 finibus
589 2407 736 2462 bonomm
759 2403 961 2462 etmalorum
986 2401 1051 2460 fere

160 2535 177 2571 a
202 2515 288 2571 nobis
311 2513 492 2585 explicatam
511 2533 577 2571 esse
600 2512 647 2570 his
665 2499 792 2568 litteris¹
810 2512 999 2580 arbitramur,
1019 2514 1052 2566 in

161 2622 278 2693 quibuS,
303 2629 451 2693 quantum
477 2625 640 2693 potuimus,
662 2638 724 2676 non
748 2618 839 2675 modo
864 2617 937 2690 quid
964 2617 1052 2674 nobis

161 2730 339 2802 probaretur
360 2729 414 2786 sed
438 2732 531 2786 etiarn
554 2727 628 2798 quid
650 2747 668 2783 a
690 2725 816 2796 singulis
844 2724 1051 2797 philosophiae

161 2837 328 2907 disciplinis
343 2836 496 2893 diceretur
510 2838 660 2905 persecuti
677 2852 787 2890 sumus.

103 2951 139 3000 13
204 2943 239 3000 V.
265 2943 308 3001 Ut
328 2949 432 2999 autern
448 2961 466 2997 a
484 2939 634 2996 facillimis
653 2937 814 3008 ordiamur,
834 2942 930 3010 prima
949 2941 1052 2997 veniat

262 3113 389 3162 ¹litter1's:
406 3110 480 3159 Mdv.
496 3111 560 3159 with
574 3111 667 3160 others
679 3106 846 3178 conjectures
863 3109 946 3162 libris.

248 3197 285 3248 14
