2310 3682
372 217 524 275 CICERO
546 216 604 273 DE
626 214 795 272 FINIBUS

138 342 244 397 reiciat
268 338 351 409 quod
374 358 408 397 se
433 338 542 396 iisdem
567 335 721 408 Euripidis
745 334 856 391 fabulis
883 333 1036 391 delectari

139 446 232 517 dicat,
248 447 372 504 latinas
386 447 505 504 litteras
519 445 638 503 oderit?
680 443 882 514 Synephebos
901 461 974 512 ego,
988 445 1035 498 in-

137 558 215 625 quit,
233 558 334 625 potius
353 554 464 611 Caecili
484 561 538 611 aut
558 552 706 610 Andriam
722 551 850 608 Terenti
870 570 967 621 quam
985 557 1035 606 nt·

98 667 116 719 5
139 681 264 732 rumque
276 661 437 719 Menandri
449 661 569 732 legam?
594 660 741 730 Aquibns
751 666 874 716 tantum
884 657 1036 717 dissentio

139 776 184 839 ut,
208 790 277 826 cnm
300 768 466 841 Sophocles
489 769 537 826 vel
557 772 673 839 optime
693 770 847 838 scripserit
866 766 1036 836 Electram,

139 884 242 934 tamen
259 877 338 934 male
353 897 529 934 conversam
544 875 621 933 Atili
634 875 709 932 mihi
730 874 894 945 legendam
915 882 1036 946 putem,

140 983 179 1041 de
197 1004 257 1055 quo
276 984 410 1042 Licinius
425 971 574 1042 ‘ferreum
591 983 789 1055 scriptorem,’
805 1003 912 1040 verum
927 986 1037 1056 opinor

140 1095 319 1163 scriptorem
343 1099 457 1162 tamen,
481 1099 517 1150 ut
539 1091 689 1161 legendus
713 1095 761 1148 sit.
808 1090 929 1148 Rudem
952 1096 1038 1150 enim

140 1204 335 1256 esseomnino
344 1203 376 1256 in
385 1204 495 1256 nostris
503 1202 602 1270 poetis
611 1206 664 1255 aut
673 1202 874 1256 inertissimae
883 1204 1039 1269 segnitiae

141 1313 189 1363 est
202 1314 255 1365 aut
270 1307 372 1365 fastidi
384 1306 599 1364 delicatissimi,
644 1306 722 1362 Mihi
734 1305 858 1377 quidem
872 1307 952 1387 nulli
964 1313 1039 1367 satis

141 1412 253 1472 eruditi
268 1414 410 1499 videntur
424 1414 532 1485 quibus
547 1420 650 1471 nostra
664 1418 770 1484 ignota
783 1422 863 1472 sunt.
909 1416 962 1473 An

265 1521 391 1580 Utinam
405 1541 445 1579 ne
460 1525 492 1578 in
506 1541 673 1579 nemore—

141 1627 237 1686 nihilo
251 1632 350 1687 minus
364 1630 494 1698 legimus
509 1649 600 1700 quam
613 1628 671 1686 hoc
682 1630 765 1687 idern
777 1629 941 1701 Graecum,
956 1652 1052 1709 quae·

140 1743 243 1793 autem
258 1734 297 1793 de
312 1737 391 1794 bene
406 1736 557 1806 beateque
568 1714 697 1794 vivendo
707 1757 725 1793 a
738 1737 864 1795 Platone
879 1737 1041 1810 disputata

101 1841 120 1901 6
141 1850 224 1912 sunt,
239 1842 314 1900 haec
335 1843 478 1914 explicari
498 1862 560 1899 non
580 1843 713 1914 placebit
733 1843 862 1901 Latine?
906 1845 993 1917 Quid
1013 1852 1040 1907 si

141 1969 196 2007 nos
211 1969 272 2007 non
287 1954 492 2022 interpretum
512 1949 668 2020 fungimur
686 1970 824 2017 munere,
840 1952 894 2009 sed
914 1961 1040 2015 tuemer

142 2076 270 2129 eaquae
286 2057 368 2114 dicta
382 2066 454 2115 sunt
467 2058 507 2114 ab
520 2061 557 2114 iis
576 2077 650 2128 quos
669 2059 840 2129 probamus,
855 2064 962 2131 eisque
983 2084 1040 2122 no-

142 2172 237 2223 strum
247 2163 391 2221 iudicium
401 2173 433 2222 et
441 2172 578 2222 nostrum
587 2165 738 2222 scribendi
748 2167 886 2224 ordinem
895 2169 1040 2243 adiungi·

143 2271 228 2328 mus?
250 2271 322 2341 quid
345 2270 461 2329 habent
482 2291 535 2328 cur
557 2270 673 2329 Graeca
689 2280 880 2344 anteponant
901 2279 939 2334 iis
957 2298 1040 2350 quae

143 2386 176 2436 et
184 2376 344 2449 splendide
353 2377 436 2435 dicta
444 2382 505 2436 sint
513 2398 613 2450 neque
623 2383 684 2436 sint
693 2381 881 2439 conversade
892 2383 1040 2447 Graecis?

144 2485 223 2543 Nam
233 2488 257 2541 si
272 2484 377 2543 dicent
391 2487 430 2543 ab
445 2486 503 2543 illis
518 2485 572 2543 has
586 2505 634 2543 res
650 2505 714 2544 esse
729 2493 884 2560 tractatas,
899 2510 940 2549 ne
956 2497 1041 2565 ipsos

144 2592 268 2662 quidem
293 2593 423 2651 Graecos
449 2601 496 2650 est
519 2613 572 2650 cur
594 2597 658 2650 tarn
680 2593 792 2652 multos
814 2595 922 2666 legant
945 2621 1041 2672 quam

142 2699 269 2769 legendi
283 2708 362 2758 sunt.
407 2700 490 2772 Quid
511 2705 594 2757 enim
614 2708 661 2757 est
677 2721 695 2757 a
715 2700 883 2774 Chrysippo
898 2717 1041 2776 praeter.

144 2810 268 2864 missurn
283 2811 314 2864 in
329 2808 455 2867 Stoicis?
499 2808 643 2878 Legimus
653 2815 757 2866 tamen
772 2809 958 2886 Diogenem,
973 2818 1042 2878 An.

190 2948 326 2955 ·——-----
908 2953 969 2962 —....
978 2959 989 2962 ..

147 3015 249 3128 ἇῖὴε
266 3013 386 3127 (ἓρεηὶης
401 3012 432 3063 of
446 3010 571 3061 Ennius⁵s
588 3011 685 3061 Medea
702 3011 798 3072 Exsul,
818 3029 860 3078 cp.
880 3017 1041 3087 Euripides,

180 3095 193 3128 e
211 3095 243 3128 ea
255 3095 288 3143 3.

229 3153 248 3213 6
