2310 3682
397 217 547 276 CICERO
570 217 628 274 DE
651 216 820 274 FINIBUS

47 339 50 346 ’
161 341 430 399 commemorandis
455 359 619 411 eorumque
645 339 733 397 factis
757 359 819 396 non
848 337 1056 396 emolumento

83 533 89 545 Ι
159 460 261 532 aliquo
288 460 343 518 sed
371 464 463 531 ipsius
491 460 660 518 honestatis
689 458 798 516 decore
827 457 996 528 laudandis,
1022 457 1055 515 id

160 587 261 637 totum
280 583 427 637 evertitur
446 598 483 636 eo
501 578 624 637 delectu
644 598 745 636 rerum
764 597 856 649 quem
878 577 969 635 modo
992 577 1056 635 dixi

160 697 336 762 constituto,
361 699 396 749 ut
424 699 478 749 aut
505 691 677 763 voluptates
699 695 880 749 omittantur
907 694 1056 748 maiorum

160 806 351 879 voluptatum
364 806 626 878 adipiscendarum
646 825 735 864 causa
753 813 807 863 aut
826 803 945 862 dolores
961 808 1054 863 susei-

159 924 282 992 piantur
295 925 442 977 maiorum
456 919 593 977 dolorum
608 919 848 992 effugiendorum
863 923 968 990 gratia

99 1045 137 1102 37
201 1039 256 1097 XI.
280 1024 300 1051 “
306 1038 368 1098 Sed
382 1038 421 1097 de
436 1038 584 1096 clarorum
600 1039 758 1096 hominum
778 1038 866 1096 factis
886 1037 1054 1096 illustribus

160 1161 192 1211 et
202 1153 339 1225 gloriosis
354 1157 425 1211 satis
436 1153 494 1211 hoc
505 1152 571 1210 loco
586 1153 703 1211 dictum
714 1160 769 1211 est.
814 1153 881 1210 Erit
896 1156 978 1209 enim
992 1157 1054 1210 iarn

159 1268 198 1326 de
219 1271 354 1325 omnium
371 1272 518 1326 virtutum
539 1287 627 1325 cursu
647 1267 686 1325 ad
706 1266 895 1338 voluptatem
915 1271 1054 1338 proprius

160 1381 329 1439 disserendi
354 1380 445 1438 locus.
490 1381 580 1438 Nunc
605 1388 710 1438 autem
735 1380 892 1453 explicabo
915 1379 1054 1452 voluptas

160 1500 225 1567 ipsa
252 1514 330 1566 quae
359 1494 516 1566 qualisque
544 1499 593 1563 sit,
622 1501 658 1551 ut
686 1492 812 1551 tollatur
840 1514 922 1551 error
956 1498 1055 1552 omnis

160 1611 370 1682 imperitorum
405 1607 663 1679 intellegaturque
699 1628 735 1664 ea
770 1627 848 1678 quae
877 1607 1055 1679 voluptaria,

160 1722 300 1793 delicata,
330 1722 428 1780 mollis
456 1722 605 1779 habeatur
633 1721 791 1794 disciplina
822 1742 912 1792 quam
945 1726 1055 1794 gravis,

161 1857 250 1908 quam
271 1841 442 1907 continenS,
456 1856 547 1907 quarn
567 1856 671 1894 severa
690 1841 737 1894 sit.
782 1837 852 1893 Non
873 1841 954 1894 enim
976 1836 1054 1895 hanc

160 1951 254 2009 solam
270 1954 424 2022 sequimur
438 1969 515 2021 quae
530 1954 678 2008 suavitate
689 1950 789 2020 aliqua
803 1957 943 2007 naturam
957 1954 1054 2022 ipsam

160 2073 264 2122 movet
273 2073 305 2122 et
314 2084 384 2121 curn
393 2064 582 2121 iucunditate
589 2063 718 2133 quadam
729 2042 896 2136 percipitur
906 2066 1053 2136 sensibus,

161 2176 215 2234 sed
234 2180 396 2234 maximam
411 2176 599 2247 voluptatem
619 2174 702 2233 illam
721 2176 869 2235 habemus
888 2197 965 2248 quae
985 2198 1054 2250 per·

161 2293 272 2361 cipitur
291 2293 373 2346 omni
393 2288 496 2346 dolore
516 2288 663 2346 detracto.
708 2290 788 2347 Nam
809 2295 961 2362 quoniam,
983 2312 1054 2350 cum

160 2407 312 2476 privamur
326 2402 441 2473 dolore,
456 2406 520 2475 ipsa
534 2403 714 2461 liberatione
738 2412 770 2462 et
783 2409 936 2463 vacuitate
955 2411 1054 2466 omnis

160 2517 318 2602 molestiae
333 2517 512 2587 gaudemus,
527 2537 618 2574 omne
637 2525 741 2575 autem
761 2518 793 2575 id
811 2539 870 2590 quo
884 2519 1053 2591 gaudemus

161 2630 300 2703 voluptas
315 2638 363 2688 est
377 2617 426 2698 (ut
441 2650 531 2688 omne
546 2651 606 2702 quo
621 2630 802 2688 offendimur
816 2621 925 2705 dolor),
941 2634 1052 2693 doloris

161 2747 257 2801 omnis
268 2747 396 2815 privatio
405 2751 489 2802 recte
500 2749 656 2802 nominata
665 2753 713 2803 est
723 2745 869 2817 voluptas.
901 2747 945 2806 Ut
960 2753 1052 2820 enim,

161 2878 230 2916 eum
244 2859 312 2915 cibo
327 2865 360 2916 et
373 2862 499 2931 potione
514 2860 610 2917 fames
628 2864 754 2931 sitisque
774 2859 901 2931 depulsa
916 2870 972 2933 est,
987 2867 1053 2934 ipsa

160 2971 310 3029 detractio
329 2971 486 3031 molestiae
506 2978 753 3031 consecutionem
772 2973 859 3032 affert
878 2975 1053 3050 voluptatis,

160 3088 257 3142 sicin
282 3090 365 3144 omni
390 3107 423 3146 re
448 3087 559 3145 doloris
582 3091 695 3144 amotio
717 3092 939 3147 successionem
962 3091 1054 3150 efficit

245 3175 285 3226 40
