2310 3682
459 236 610 296 CICERO
633 237 690 296 DE
712 235 881 294 FINIBUS

223 362 323 416 minus
343 359 534 429 probandum
556 378 647 428 quam
667 377 732 415 esse
756 357 889 428 aliquem
911 359 1038 416 beatum
1060 378 1117 416 nec

223 459 296 512 satis
318 455 460 511 beatum?
504 453 595 524 Quod
616 461 720 511 autem
742 458 814 510 satis
836 461 894 524 est,
909 473 947 510 eo
968 454 1117 525 quidquid

223 539 366 608 accessit1
382 554 509 607 nimium
529 557 592 618 est3
614 557 647 606 et
666 569 757 606 nemo
776 552 904 606 nimium
924 550 1033 608 beatus
1054 557 1116 619 est;

163 652 201 702 82
223 633 335 716 igitur²
349 665 440 702 nemo
455 647 545 703 beato
560 645 707 702 beatior.”
753 631 890 716 “Ergo,'’
907 649 1018 716 inquit,
1034 632 1116 703 “tibi

223 741 260 812 Q.
281 740 436 812 Metellus,
455 746 506 812 qui
525 749 589 799 tres
609 740 684 799 filios
704 740 844 799 consules
863 741 950 812 vidit,
968 761 986 799 e
1006 743 1115 812 quibus

222 857 317 911 unum
332 842 425 894 etiam
440 845 473 894 et
487 856 643 904 censorem
658 844 691 894 et
705 836 957 908 triumphantem,
972 845 1115 908 quartum

221 941 325 991 autem
339 941 522 1004 praetorem,
537 952 650 1003 eosque
664 933 761 990 salvos
776 931 900 1003 rehquit
915 940 948 990 et
961 940 1024 990 tres
1039 934 1115 993 filias

221 1036 342 1099 nuptas,
366 1033 523 1100 cumipse
546 1027 663 1099 consul,
686 1048 804 1098 censor,
827 1048 924 1108 augur
947 1027 1056 1087 fuisset
1081 1037 1114 1088 et

220 1123 449 1196 triumphasset,
463 1131 499 1182 ut
513 1128 633 1195 sapiens
647 1123 752 1195 fuerit,
762 1143 864 1181 nonne
880 1125 998 1181 beatior
1012 1145 1113 1196 quam,

220 1225 345 1279 utitem
364 1225 484 1291 sapiens
504 1220 606 1290 fuerit,
622 1223 674 1290 qui
693 1224 726 1276 in
745 1226 900 1291 potestate
921 1219 1055 1278 hostium
1070 1227 1113 1279 vi-

219 1316 299 1387 giliis
315 1324 347 1374 et
362 1317 464 1374 inedia
478 1323 603 1373 necatus
619 1323 676 1386 est,
693 1315 871 1386 Regulus?''

159 1417 197 1469 83
261 1411 408 1470 XXVIII.
455 1398 569 1486 “,Quid
597 1432 646 1469 me
672 1411 784 1481 istud,'’
815 1416 949 1483 inquam,
974 1398 993 1425 “
1003 1414 1112 1485 rogas?

220 1509 337 1567 Stoicos
354 1509 455 1578 roga’'
501 1494 610 1577 “Quid
624 1508 747 1578 igitur,’'
763 1512 875 1579 inquit,
891 1494 972 1566 “eos
987 1528 1112 1581 respon·

219 1624 302 1664 suros
324 1603 462 1675 putas?'’
509 1589 641 1661 “Nihilo
667 1604 835 1661 beatiorem
858 1623 924 1661 esse
947 1603 1111 1663 Metellum

219 1719 310 1772 quam
334 1699 514 1770 Regulum.'’
559 1685 666 1756 “Inde
688 1699 811 1770 igitur,''
831 1703 941 1770 inquit,
962 1685 1110 1769 “ordien-
1138 1741 1141 1748 -

218 1797 292 1854 dum
307 1796 384 1854 est.''
423 1783 567 1853 “Tamen
582 1817 599 1852 a
613 1795 797 1866 proposito,”
813 1799 947 1866 inquam,
964 1782 1111 1855 “aberra-

218 1912 293 1950 mus.
325 1891 396 1948 Non
411 1896 493 1949 enim
507 1910 619 1961 quaero
634 1890 708 1962 quid
723 1910 828 1948 verum
843 1890 898 1948 sed
912 1891 986 1962 quid
1001 1897 1111 1964 cuique

218 1989 383 2046 dicendum
398 1993 445 2046 sit.
492 1989 618 2046 Utinam
638 1987 762 2058 quidem
781 1987 921 2045 dicerent
939 1988 1033 2046 alium
1052 1989 1111 2047 alio

216 2085 402 2143 beatIorem!
424 2089 485 2141 iam
498 2088 599 2141 ruinas
613 2083 739 2141 videres.
775 2083 812 2139 In
826 2087 939 2167 virtute
955 2089 1038 2142 enim
1049 2085 1112 2143 sola

217 2189 250 2238 et
269 2185 301 2237 in
324 2185 389 2252 ipso
409 2180 538 2243 honesto
556 2200 625 2237 cum
645 2183 684 2237 sit
699 2181 813 2237 bonum
832 2183 965 2251 positum
980 2201 1110 2253 cumque

217 2297 275 2334 nec
288 2281 384 2334 virtus
398 2284 434 2335 ut
447 2276 549 2347 placet
563 2275 622 2333 illis
637 2295 695 2332 nec
704 2275 869 2354 honestum
879 2284 1005 2348 crescat,
1016 2276 1109 2349 idque

193 2413 197 2419 -
216 2372 330 2430 bonum
344 2372 442 2430 solum
456 2376 497 2430 sit
510 2391 570 2442 quo
585 2375 637 2442 qui
651 2375 786 2443 potiatur
799 2390 925 2429 necesse
940 2379 988 2430 est
1001 2373 1110 2432 beatus

217 2472 265 2540 sit,
281 2489 350 2526 cum
364 2472 469 2539 augeri
483 2467 515 2524 id
529 2487 591 2524 non
606 2471 700 2538 possit
714 2471 746 2523 in
760 2486 821 2537 quo
835 2486 897 2524 uno
913 2472 1047 2538 positum
1062 2477 1110 2528 est

214 2565 341 2621 beatum
367 2583 442 2634 esse,
466 2567 518 2634 qui
543 2570 646 2634 potest
670 2582 735 2620 esse
761 2565 920 2633 quisquam
945 2563 1022 2622 alius
1050 2564 1108 2623 alio

216 2659 353 2716 beatior?
398 2658 532 2717 Videsne
547 2665 582 2716 ut
596 2659 672 2716 haec
692 2659 878 2715 concinant?
922 2658 964 2717 Et
983 2659 1108 2719 hercule

216 2741 391 2823 (fatendum
406 2762 453 2812 est
468 2758 550 2812 enim
565 2754 647 2825 quod
662 2740 775 2822 sentio)
795 2753 941 2812 mirabilis
961 2763 1010 2813 est
1026 2756 1107 2829 apud

215 2850 283 2908 illos
297 2858 459 2908 contextus
473 2870 582 2908 rerum.
630 2849 828 2921 Respondent
841 2857 980 2908 extrema
993 2857 1108 2925 primis,

246 2983 375 3034 ¹accessit
394 2985 490 3032 Miiller
505 2981 550 3046 (cf.
569 2982 616 3042 IV,
634 2994 665 3046 37
682 2981 840 3046 perduxit);
858 2985 999 3034 accesserit
1016 2985 1105 3046 MSS,

219 3050 355 3180 Mlliliilur
364 3116 475 3172 Miiller3
492 3117 519 3162 et
530 3112 620 3173 MSS„
635 3111 708 3162 Mdv.
722 3113 784 3161 who
796 3113 890 3163 marks
901 3128 935 3164 as
946 3123 1058 3182 corrupt

220 3198 456 3250 .484·
