2310 3682
394 276 544 336 CICERO
568 277 624 334 DE
647 277 816 336 FlNlBUS

100 400 138 455 38
161 396 332 471 voluptatis.
365 397 472 471 Itaque
487 419 549 456 non
563 399 678 471 placuit
692 400 823 471 Epicuro
834 401 969 459 medium
985 419 1052 457 esse

160 512 304 584 quiddam
328 517 409 572 inter
431 512 567 572 dolorem
590 521 623 571 et
643 513 848 585 voluptatem
872 513 949 571 illud
969 518 1052 571 enim

160 629 258 698 ipsum
273 626 354 698 quod
369 627 550 698 quibusdam
563 627 699 685 medium
709 627 873 697 videretur,
885 646 954 684 cum
969 631 1054 684 omni

160 737 263 798 dolore
289 748 415 812 careret,
441 761 502 798 non
527 736 618 799 modo
643 741 833 812 voluptatem
856 760 921 799 esse
946 760 1053 798 verum

161 856 254 911 etium
277 874 424 913 summam
447 854 645 926 voluptatem.
690 854 834 927 Quisquis
855 859 938 933 onim
958 859 1054 912 sentit

161 967 417 1039 quomadmodum
436 973 476 1027 sit
495 969 630 1040 allectus,
646 989 716 1026 eum
736 988 861 1026 necesse
881 976 929 1026 est
948 975 1002 1025 aut
1022 973 1053 1025 in

161 1076 316 1155 voluptatis
328 1102 393 1142 osse
405 1091 458 1141 aut
469 1087 499 1141 in
510 1083 621 1140 dolore.
653 1082 761 1141 Omnis
772 1089 876 1139 autem
885 1086 1054 1154 privatione

160 1187 270 1249 ‹lulurls
280 1197 368 1264 putat
378 1191 525 1265 Epicurus
534 1195 691 1249 terminari
700 1191 1054 1263 summamvoluptatem,

162 1305 196 1357 ut
212 1307 317 1372 postor
332 1304 437 1358 variari
454 1300 592 1370 voluptas
607 1300 815 1371 distinguique
830 1304 934 1371 possit,
949 1303 1056 1369 augeri

100 1411 138 1473 39
160 1407 395 1480 amplificarique
413 1429 474 1466 non
495 1411 597 1481 possit.
643 1408 686 1465 At
709 1412 802 1465 etiam
826 1408 967 1477 Athenis
983 1415 1019 1464 ut
1038 1428 1056 1465 a

161 1522 247 1587 putre
268 1516 437 1587 audiebam,
454 1516 553 1574 facete
574 1523 606 1573 et
625 1517 740 1573 urbane
761 1517 877 1575 Stoicos
896 1515 1055 1586 irridente,

162 1631 262 1684 stutuu
282 1634 330 1684 est
353 1630 384 1683 in
405 1626 559 1684 Ceramico
580 1624 740 1697 Chrysippi
760 1624 896 1683 sedentis
916 1632 1057 1695 porrecta

161 1751 263 1801 mauu,
299 1754 376 1807 quue
406 1754 512 1791 manus
541 1734 693 1804 significet
721 1733 807 1791 illum
835 1737 867 1789 in
902 1732 959 1789 hac
988 1752 1056 1791 esse

162 1843 370 1913 umutiuucula
384 1842 588 1901 delectatum:
611 1828 855 1912 ‘Numquidnam
870 1861 977 1898 manus
991 1849 1057 1912 tua,
1101 1842 1104 1848 ‘

162 1953 204 2009 sle
223 1950 331 2010 allecto
352 1951 608 2023 quemadmodum
628 1950 737 2007 affecta
755 1970 838 2025 nuno
857 1957 915 2020 est,
935 1949 1056 2008 deside-

163 2047 293 2119 rutl'·-⁴
303 2059 386 2118 Nihil
405 2046 601 2118 &mest—‘At
622 2062 648 2116 si
668 2057 807 2129 voluptas
828 2065 910 2116 esset
931 2059 1057 2129 bonum,

161 2153 477 2228 ‹l‹·sirlrrsrot.’—‘ltu
503 2151 745 2224 credo.’-‘Non
774 2173 821 2223 est
849 2169 943 2236 igitur
971 2165 1057 2222 volu-

162 2285 230 2350 ptas
241 2277 373 2335 lmuum.'
397 2276 467 2334 Hoc
479 2296 519 2333 ue
530 2281 663 2333 statuam
673 2274 797 2345 quidem
808 2274 958 2331 dicturam
968 2281 1059 2344 pater

162 2386 263 2445 statut
282 2388 308 2444 si
327 2384 410 2457 loqui
430 2390 540 2457 possut.
585 2382 767 2440 Conclusum
786 2390 835 2439 est
853 2387 935 2439 enim
951 2391 1059 2441 contra

162 2494 343 2567 errmlous
357 2496 430 2551 satis
443 2499 544 2559 acute,
559 2490 636 2548 nihil
655 2491 695 2547 ad
713 2491 885 2562 Epicurum.
931 2491 1012 2548 Nam
1032 2497 1057 2550 si

163 2622 199 2662 ru
213 2601 276 2661 uls
287 2600 426 2673 mluptus
441 2606 521 2658 esser
537 2618 616 2671 quae
631 2603 715 2670 quasi
735 2597 875 2656 titillaret
890 2618 1007 2671 sensus
1022 2609 1059 2659 ut

163 2713 206 2769 ltu
219 2708 329 2775 ditum,
343 2715 375 2767 rt
389 2707 429 2766 aul
443 2726 496 2765 eos
509 2727 578 2764 oum
592 2711 742 2765 sumitate
755 2706 890 2763 alllueret
905 2715 937 2764 et
951 2707 1059 2767 illabe-

163 2825 257 2876 rotun
272 2835 330 2874 um*
344 2834 451 2873 uranus
465 2834 533 2873 esse
547 2822 693 2873 ammenta
714 2821 817 2886 posset
834 2834 893 2872 neo
911 2815 974 2871 ulla
988 2836 1059 2887 pars

163 2927 314 2983 saturitate
328 2921 440 2981 doloris
453 2926 520 2981 sine
534 2923 667 2982 iucundo
681 2929 768 2980 motu
783 2922 957 2994 voluptatis
1001 2925 1057 2983 Sin

161 3038 266 3092 autom
285 3050 402 3090 summa
416 3030 556 3104 voluptas
572 3039 631 3091 est.
646 3039 679 3088 ut
702 3031 834 3102 Fpitmm
852 3030 965 3101 placet,
978 3033 1057 3090 nihil

161 3138 277 3200 rlulrm.
287 3143 419 3212 primum
433 3140 490 3197 tibi
504 3147 600 3199 mle.
612 3138 793 3211 erumpe,
803 3158 982 3196 eoncessum
996 3150 1058 3212 est,

247 3229 288 3281 <tr
