2310 3682
442 238 592 298 CICERO
615 239 673 298 DE
695 238 863 297 FINIBUS

147 366 185 424 87
208 379 313 419 omnes
334 379 445 418 sumus.
491 360 561 417 Hoc
582 359 658 418 mihi
676 380 745 418 cum
764 367 818 418 tuo
835 359 929 417 fratre
949 361 1099 416 convenit.

164 477 166 482 ’
206 468 309 541 Quare
331 468 388 526 hoc
408 468 576 527 videndum
598 476 656 540 est,
678 472 814 540 possitne
835 469 922 526 nobis
944 467 1002 525 hoc
1024 470 1100 524 ratio

204 577 453 650 philosophorum
474 576 555 635 dare.
600 577 766 635 Pollicetur
789 584 882 634 certe.
928 577 994 640 Nisi
1017 579 1099 634 enim

205 687 238 745 id
248 686 374 758 faceret,
385 706 438 744 cur
450 686 537 744 Plato
548 686 727 757 Aegyptum
737 689 910 758 peragravit
921 693 957 743 ut
971 705 989 742 a
1003 704 1100 743 sacer·

205 796 327 855 dotibus
341 796 475 853 barbaris
488 814 630 854 numeros
645 802 678 853 et
697 793 840 853 caelestia
854 795 1028 866 acciperet?
1048 814 1101 851 cur

205 912 275 977 post
289 904 457 962 Tarentum
470 904 509 962 ad
523 903 711 976 Archytam?
726 924 779 962 cur
790 903 829 961 ad
840 903 971 974 reliquos
987 902 1099 974 Pytha-

205 1033 323 1086 goreos,
339 1012 550 1085 Echecratem,
565 1012 733 1084 Timaeum,
746 1013 894 1071 Arionem
913 1011 1036 1082 Locros,
1052 1019 1100 1083 ut,

206 1143 276 1181 cum
297 1122 454 1182 Socratem
475 1125 683 1193 expressisset,
706 1120 889 1192 adiungeret
912 1119 1100 1192 Pythagore-

206 1251 292 1289 orum
315 1230 506 1302 disciplinam
530 1250 626 1301 eaque
650 1249 728 1301 quae
754 1229 894 1287 Socrates
919 1229 1101 1300 repudiabat

206 1340 400 1398 addisceret?
415 1359 468 1397 cur
479 1343 544 1410 ipse
560 1338 748 1410 Pythagoras
760 1346 793 1397 et
801 1338 980 1410 Aegyptum
991 1337 1099 1396 lustra-

205 1453 251 1507 vit
271 1455 304 1506 et
327 1447 485 1505 Persarum
506 1466 610 1518 magos
632 1447 728 1504 adiit?
758 1466 811 1504 cur
832 1453 934 1504 tantas
958 1451 1099 1517 regiones

206 1557 401 1614 barbarorum
415 1555 545 1626 pedibus
559 1556 645 1626 obiit,
660 1561 709 1613 tot
722 1559 816 1612 maria
835 1556 1024 1612 transmisit?
1047 1575 1099 1613 cur

206 1665 282 1722 haec
297 1663 406 1722 eadem
421 1663 636 1722 Democritus?
651 1667 703 1734 qui
719 1650 803 1732 (vere
815 1662 942 1735 falsone,
953 1682 1099 1734 quaerere

205 1759 377 1842 nolumusl)
398 1771 510 1830 dicitur
524 1792 557 1830 se
572 1772 666 1830 oculis
679 1776 830 1843 privasse;
852 1779 946 1843 certe,
957 1779 994 1830 ut
1008 1792 1098 1844 quam

205 1886 330 1940 minime
349 1886 467 1939 animus
486 1901 504 1937 a
523 1881 758 1952 cogitationibus
776 1880 989 1951 abduceretur,
1004 1885 1098 1952 patri·

205 1994 341 2048 monium
376 1989 525 2060 neglexit,
559 2008 647 2060 agros
683 1988 818 2047 deseruit
854 1988 995 2058 incultos,
1024 1989 1098 2061 quid

205 2117 354 2171 quaerens
368 2098 451 2156 aliud
465 2102 523 2155 nisi
543 2101 637 2155 vitam
656 2098 799 2155 beatam?
843 2095 944 2168 Quam
963 2101 989 2155 si
1004 2102 1097 2156 etiam

205 2212 237 2264 in
252 2226 352 2264 rerum
368 2209 543 2276 cognitione
557 2195 702 2277 ponebat,
717 2213 822 2263 tamen
842 2225 880 2263 ex
900 2205 953 2263 illa
971 2209 1096 2265 investi·

204 2312 328 2379 gatione
337 2315 463 2365 naturae
473 2311 616 2379 consequi
625 2307 748 2364 volebat
757 2307 836 2364 bono
844 2314 880 2364 ut
890 2314 971 2365 esset
979 2312 1107 2374 animo;'

205 2409 237 2467 id
263 2413 345 2467 enim
374 2409 426 2466 ille
456 2428 607 2467 summum
635 2410 749 2466 bonum
778 2405 916 2479 εὐθυμίαν
944 2416 977 2467 et
1005 2429 1096 2481 saepe

206 2509 358 2582 ἀθαμβίαν
379 2510 523 2582 appellat,
538 2510 570 2568 id
593 2518 641 2569 est
661 2514 797 2567 animum
817 2517 933 2567 terrore
955 2510 1093 2570 liberum.

145 2618 182 2670 88
206 2611 267 2671 Sed
287 2611 362 2670 haec
382 2616 440 2671 etsi
459 2612 624 2683 praeclare,
644 2611 781 2668 nondum
800 2619 905 2669 tamen
928 2613 1080 2683 perpolita
1087 2634 1095 2684 ;

204 2733 300 2784 pauca
326 2717 418 2784 enim,
442 2733 543 2784 neque
566 2733 602 2771 ea
630 2717 695 2784 ipsa
716 2712 887 2783 enucleate,
910 2714 949 2771 ab
974 2713 1032 2771 hoc
1056 2716 1096 2774 de

204 2819 317 2873 virtute
332 2815 458 2886 quidem
472 2813 562 2872 dicta.
608 2814 680 2872 Post
700 2818 783 2871 enim
802 2812 878 2871 haec
898 2818 930 2871 in
948 2814 1005 2872 hac
1019 2818 1095 2876 urbe

203 2920 335 2988 primum
359 2937 377 2974 a
400 2917 524 2975 Socrate
548 2919 652 2987 quaeri
675 2923 793 2986 coepta,
817 2915 930 2973 deinde
955 2920 987 2973 in
1012 2917 1095 2977 hunc

151 3002 153 3008 λ
203 3017 304 3075 locum
325 3018 428 3075 delata
449 3024 530 3088 sunt,
550 3036 608 3074 nec
632 3016 806 3075 dubitatum
828 3021 902 3087 quin
927 3021 959 3074 in
981 3022 1096 3080 virtute

335 3114 341 3142 ¹
351 3129 478 3178 quaerere
489 3113 614 3162 nolumus
630 3113 743 3172 Miiller3
761 3128 955 3177 quaereremus.

288 3196 349 3256 490
