2310 3682
433 235 584 294 CICERO
607 234 665 293 DE
687 234 856 293 FINIBUS

196 362 326 431 putavit,
335 377 442 416 vereor
455 378 495 415 ne
510 377 582 414 vera
596 361 665 414 sint.
712 356 792 413 Nam
803 355 880 413 illud
892 356 1094 415 vehementer

196 473 358 537 repugnat,
376 464 509 521 eundem
532 464 657 520 beatum
679 483 745 520 esse
766 471 799 520 et
816 463 921 520 multis
938 463 1026 520 malis
1040 484 1093 535 op-

197 592 342 644 pressum.
388 572 475 628 Haec
496 570 648 640 quomodo
670 574 854 626 conveniant
875 589 937 626 non
958 590 1031 627 sane
1046 575 1093 627 in-

198 672 343 744 tellego.’'
388 658 527 730 “Utrum
542 675 636 742 igitur
656 671 742 741 tibi,’'
759 675 868 741 inquit,
884 657 972 728 “non
991 672 1094 742 placet

198 779 360 832 virtutisne
376 794 442 831 esse
459 781 578 830 tantam
592 778 653 829 vim
668 781 704 830 ut
717 772 757 830 ad
770 774 861 830 beate
879 773 1044 831 vivendum
1061 795 1094 832 se

198 882 264 947 ipsa
278 883 425 933 contenta
436 879 486 946 sit,
498 895 547 943 an,
559 879 584 949 si
595 874 627 931 id
638 875 757 945 probas,
768 875 833 931 fieri
844 878 887 931 ita
898 894 986 945 posse
1001 895 1096 947 negas

201 986 235 1036 ut
259 982 281 1034 ii
304 981 357 1048 qui
380 980 502 1034 virtutis
528 983 684 1047 compotes
709 979 771 1032 sint
797 979 890 1032 etiam
915 976 1097 1046 quibusdam

199 1079 286 1137 malis
300 1077 401 1135 affecti
418 1078 499 1135 beati
515 1077 620 1134 sint?’'
665 1062 685 1089 “
692 1076 758 1147 Ego
773 1096 844 1134 vero
859 1076 927 1134 volo
938 1081 970 1134 in
982 1082 1096 1136 virtute

188 1185 260 1238 .vim
275 1199 341 1238 esse
357 1174 448 1250 quam
463 1183 641 1246 maximam3
663 1178 718 1236 sed
732 1186 846 1249 quanta
860 1183 900 1236 sit
914 1178 997 1249 alias,
1011 1200 1096 1238 nunc

200 1289 322 1339 tantum
336 1285 472 1352 possitne
488 1300 554 1338 esse
571 1287 666 1348 tanta,
682 1285 706 1337 si
722 1281 886 1351 quidquam
901 1288 988 1338 extra
1002 1285 1096 1338 virtu-

142 1391 179 1448 78
202 1392 268 1442 tem
278 1383 427 1440 habeatur
438 1387 470 1438 in
483 1382 598 1438 bonis.”
637 1367 788 1452 “Atqui''
801 1386 911 1453 inquit,
921 1368 940 1394 “
950 1387 974 1440 si
987 1383 1096 1441 Stoicis

202 1485 343 1542 concedis
357 1490 393 1540 ut
407 1487 502 1540 virtus
517 1483 580 1540 sola
595 1487 620 1540 si
634 1487 708 1540 assit
726 1488 819 1540 vitam
837 1485 946 1540 efficiat
963 1485 1096 1555 beatam,

202 1586 343 1644 concedis
364 1588 458 1642 etiam
479 1584 699 1655 Peripateticis.
745 1583 832 1654 Quae
853 1588 939 1641 enim
954 1585 1034 1643 mala
1051 1586 1096 1642 illi

204 1708 265 1744 non
279 1687 395 1744 audent
409 1684 574 1756 appellare,
585 1704 691 1756 aspera
701 1693 805 1743 autem
817 1693 850 1742 et
860 1687 1053 1744 incommoda
1063 1695 1096 1745 et

203 1787 357 1846 reicienda
379 1794 412 1844 et
432 1787 531 1844 aliena
553 1794 678 1843 naturae
701 1806 767 1843 esse
788 1786 971 1857 concedunt,
987 1806 1024 1844 ea
1040 1808 1096 1846 nos

203 1889 424 1947 maledicimus
443 1887 498 1945 sed
518 1892 627 1957 exigua
646 1896 678 1945 et
697 1907 795 1958 paene
815 1891 947 1944 minima.
993 1887 1095 1958 Quare

205 1996 229 2049 si
243 1997 346 2062 potest
362 2009 427 2047 esse
442 1990 550 2046 beatus
565 1993 590 2045 is
604 1992 656 2059 qui
675 1996 722 2045 est
739 1993 771 2045 in
788 1986 902 2060 asperis
919 1991 1095 2054 reiciendis-

204 2113 263 2164 que
285 2093 385 2161 rebus,
399 2097 503 2161 potest
524 2095 548 2147 is
570 2110 690 2161 quoque
713 2110 779 2148 esse
801 2094 852 2160 qui
874 2094 974 2148 estin
996 2097 1095 2162 parvis

204 2193 320 2251 malis.”
366 2192 406 2248 Et
418 2211 490 2262 ego:
514 2177 533 2204 “
542 2191 620 2262 Piso,
631 2196 764 2262 inquam,
776 2196 801 2249 si
813 2199 860 2249 est
871 2196 1030 2262 quisquam
1042 2198 1095 2264 qui

204 2302 293 2352 acute
313 2298 344 2350 in
365 2296 461 2350 causis
480 2293 585 2350 videre
605 2292 701 2350 soleat
721 2312 798 2362 quae
817 2312 865 2350 res
884 2300 1002 2363 agatur,
1017 2298 1042 2351 is
1062 2315 1094 2352 es

204 2395 342 2468 profecto
356 2403 399 2453 tu.
445 2393 547 2464 Quare
566 2394 705 2464 attende,
720 2413 839 2464 quaeso
884 2394 964 2451 Nam
983 2395 1093 2466 adhuc,

203 2472 272 2555 meo
286 2496 413 2554 fortasse
429 2500 512 2566 vitio,
524 2495 599 2566 quid
614 2515 671 2565 ego
686 2514 828 2566 quaeram
839 2514 902 2551 non
915 2497 1092 2566 perspicis.’'

204 2586 303 2656 “Istic
325 2597 421 2667 sum,”
438 2601 546 2668 inquit,
563 2582 792 2668 “exspectoque
808 2596 882 2666 quid
901 2595 940 2653 ad
959 2597 992 2653 id
1011 2598 1093 2668 quod

202 2700 386 2771 quaerebam
400 2697 614 2768 respondeas.'’

141 2806 181 2867 79
203 2799 332 2857 XXVII.
357 2784 586 2869 “Respondebo
607 2817 656 2854 me
679 2817 741 2854 non
762 2797 939 2868 quaerere,'’
957 2802 1092 2871 inquam,

202 2887 286 2958 “hoc
308 2908 446 2970 tempore
469 2899 542 2968 quid
563 2903 657 2955 virtus
680 2899 798 2955 efficere
820 2903 925 2970 possit,
941 2900 995 2957 sed
1018 2901 1094 2972 quid

199 3009 376 3060 constanter
407 2999 535 3069 dicatur,
561 2999 635 3070 quid
663 3004 763 3070 ipsum
790 3020 808 3055 a
837 3019 869 3057 se
898 3000 1091 3060 dissentiat.’'

199 3090 323 3174 “Quo,”
345 3106 455 3172 inquit,
474 3086 634 3157 “m0d0?'’
680 3087 786 3174 “Quia
807 3120 877 3158 cum
898 3122 915 3157 a
937 3101 1090 3176 Zenone,'’

287 3193 346 3244 480
