2310 3682
402 278 551 336 CICERO
575 276 632 334 DE
656 275 824 334 FINIBUS

778 365 785 384 t

166 420 256 471 quam
272 404 337 458 sine
352 419 442 459 causa
456 386 582 469 dicere),
598 404 631 456 et
650 397 737 455 illum
756 405 873 455 motum
888 397 1058 455 naturalem

165 513 301 566 omnium
316 508 496 580 ponderum,
511 515 547 565 ut
566 511 631 578 ipse
651 510 819 577 constituit,
835 526 852 564 e
872 510 998 577 regione
1013 510 1058 562 in-

118 644 125 654 .
165 617 307 676 seriorem
320 616 421 674 locum
431 619 614 688 petentium,
629 619 694 673 sine
709 635 798 673 causa
809 619 920 687 eripuit
934 619 1058 684 atomis3

165 745 222 783 nec
236 732 341 783 tamen
356 724 388 781 id
402 729 487 782 cuius
502 744 591 782 causa
604 722 680 781 haec
692 724 820 782 finxerat
830 731 985 781 assecutus
1001 728 1055 781 est.

103 841 143 892 20
165 834 245 891 Nam
267 837 293 891 si
315 853 421 892 omnes
443 837 536 911 atomi
559 832 769 903 declinabunt,
790 833 892 890 nullae
914 852 1057 903 umquam

164 942 397 1005 cohaerescent;
419 947 481 1000 sive
496 942 572 1000 aliae
587 942 797 1012 declinabunt,
813 941 889 999 aliae
905 961 959 999 suo
978 949 1056 999 nutu

164 1059 248 1109 recte
277 1050 424 1122 ferentur,
450 1055 581 1122 primum
610 1055 669 1108 erit
693 1050 751 1108 hoc
776 1053 860 1121 quasi
889 1055 1056 1122 provincias

161 1163 269 1217 atomis
287 1158 369 1230 dare,
385 1179 462 1230 quae
481 1167 576 1231 recte,
595 1179 672 1230 quae
692 1159 814 1230 oblique
834 1157 981 1230 ferantur,
1003 1159 1056 1217 de·

164 1267 236 1325 inde
251 1267 359 1325 eadem
373 1267 425 1324 illa
439 1275 608 1325 atomorum
622 1254 668 1337 (in
683 1288 743 1338 quo
758 1271 851 1325 etiam
863 1267 1056 1326 Democritus

164 1363 285 1444 haeret)
309 1376 486 1434 turbulenta
509 1379 665 1434 concursio
687 1375 769 1433 hunc
789 1375 896 1433 mundi
916 1384 1056 1434 omatum

164 1485 282 1542 efficere
292 1504 354 1541 non
362 1488 484 1555 poterit.
516 1484 564 1542 Ne
574 1484 650 1542 illud
659 1485 784 1556 quidem
793 1483 920 1555 physici,
930 1485 1055 1542 credere

162 1592 276 1664 aliquid
305 1612 370 1651 esse
398 1597 573 1659 minimum
608 1593 689 1665 quod
717 1592 855 1664 profecto
890 1613 1054 1663 numquam

163 1705 331 1774 putavisset
356 1705 380 1759 si
405 1721 423 1758 a
449 1702 601 1773 Polyaeno
626 1701 766 1759 familiari
791 1722 845 1760 suo
869 1706 1055 1772 geometrica

162 1811 280 1869 discere
295 1810 451 1868 maluisset
465 1829 556 1881 quam
570 1810 657 1868 illum
672 1815 765 1868 etiam
779 1815 879 1882 ipsum
893 1809 1052 1868 dedocere.

162 1919 213 1978 Sol
225 1918 401 1977 Democrito
412 1939 540 1990 magnus
548 1903 679 1989 videtur,
686 1923 798 1992 quippe
807 1919 923 1976 homini
935 1918 1054 1977 erudito

162 2032 193 2084 in
204 2030 434 2098 geometriaque
444 2026 597 2098 perfect03
613 2027 685 2084 huic
696 2027 812 2099 pedalis
822 2027 964 2086 fortasse:
985 2036 1053 2086 tan-

161 2144 228 2194 tum
243 2139 324 2194 enim
339 2155 406 2193 esse
421 2144 527 2194 censet
540 2143 672 2207 quantus
687 2137 817 2208 videtur,
832 2136 881 2194 vel
895 2137 985 2207 paulo
999 2146 1054 2195 aut

100 2245 133 2295 21
160 2242 305 2295 maiorem
313 2244 367 2294 aut
377 2241 533 2295 minorem.
572 2237 709 2309 itaquae
720 2245 820 2296 mutat
831 2258 866 2295 ea
877 2243 1052 2311 corrumpit,

159 2359 237 2411 quae
265 2342 402 2409 sequitur
430 2345 502 2396 sunt
529 2346 595 2396 tota
620 2339 798 2411 Democriti,
823 2343 926 2411 atomi,
951 2343 1052 2410 inane,

160 2445 318 2511 imagines,
333 2459 411 2511 quae
430 2439 533 2497 tidelm
552 2445 722 2514 nominant,
737 2462 865 2513 quorum
879 2445 1051 2500 incursione

158 2561 220 2600 non
240 2540 338 2599 solum
358 2540 512 2599 videamus
532 2542 697 2601 sedetiam
717 2548 901 2615 cogitemus3
922 2543 1052 2621 infinitio

159 2647 234 2714 ipsa,
249 2661 340 2713 quam
355 2641 488 2713 ἀπειρίαν
503 2653 622 2716 vocant,
637 2653 702 2703 tota
721 2647 760 2703 ab
778 2646 832 2703 illo
851 2653 908 2716 est,
924 2653 990 2702 tum
1004 2650 1050 2703 in-

158 2743 362 2801 numerabiles
390 2744 496 2801 mundi
525 2751 577 2817 qui
606 2754 639 2804 et
666 2751 801 2806 oriantur
836 2755 869 2804 et
896 2751 1051 2808 intereant

194 2887 390 2937 ³Democritus
410 2890 554 2952 explained
578 2892 654 2955 sight
672 2908 705 2941 as
723 2893 807 2957 being
826 2893 927 2942 caused
951 2893 986 2957 by
1005 2895 1051 2944 the

162 2953 264 3015 impact
276 2968 310 3000 on
323 2953 368 3001 the
381 2970 430 3018 eye
442 2955 474 3003 of
487 2955 557 3005 films
568 2973 600 3006 or
616 2959 703 3006 husks
714 2959 801 3007 which
819 2975 867 3007 are
884 2961 1050 3023 continually

162 3017 246 3081 being
274 3018 379 3067 thrown
402 3020 440 3068 off
464 3021 533 3070 from
554 3023 600 3071 the
620 3023 727 3072 surfacc
747 3024 779 3072 of
797 3023 911 3088 objecta
959 3025 1050 3075 These

164 3083 487 3150 ‘images,’penetrating
498 3094 527 3136 to
539 3089 584 3137 the
597 3088 669 3136 mind
681 3089 801 3154 through
812 3092 859 3138 the
870 3097 952 3153 pores
964 3091 995 3139 of
1004 3093 1050 3142 the

163 3148 246 3213 body,
258 3150 318 3199 also
330 3151 432 3200 caused
443 3156 545 3203 mental
557 3154 734 3218 impressions

241 3232 279 3289 22
