2310 3682
435 269 585 329 CICERO
608 270 665 327 DE
688 265 855 327 FINIBUS

201 389 340 448 homines
369 399 402 448 et
426 398 529 448 tamen
555 395 687 461 ingeniis
713 390 935 447 excellentibus
960 387 1092 459 praediti

202 483 374 536 excitantur
394 499 484 550 saepe
504 479 609 550 gloria,
627 499 704 550 quae
726 479 821 536 habet
842 481 976 548 speciem
997 476 1092 533 hone-

201 571 288 624 statis
304 575 336 624 et
350 567 589 625 similitudinem.
634 567 724 639 Quod
743 572 767 625 si
784 572 880 639 ipsam
897 565 1092 622 honestatem

201 656 336 726 undique
352 656 519 727 perfectam
529 664 622 726 atque
633 656 812 726 absolutam,
824 676 890 712 rem
900 675 993 712 unam
1007 673 1093 725 prae-

202 744 396 801 clarissimam
410 750 546 802 omnium
559 750 751 816 maximeque
765 744 958 812 laudandam,
970 747 1094 814 penitus

202 832 353 904 viderent,
373 854 506 905 quonam
526 835 638 905 gaudio
659 835 895 905 complerentur,
915 853 985 889 cum
1006 838 1094 888 tanto

142 928 181 984 70
203 941 295 992 opere
318 927 382 979 eius
404 923 583 980 adumbrata
608 927 750 994 opinione
774 923 949 979 laetentur?
993 919 1094 991 Quem

203 1015 285 1068 enim
308 1010 448 1069 deditum
470 1012 686 1082 voluptatibus,
709 1031 801 1082 quem
824 1010 1027 1081 cupiditatum
1050 1013 1095 1064 in-

204 1100 319 1157 cendiis
339 1099 558 1158 inflammatum
577 1104 610 1156 in
629 1105 665 1158 iis
684 1100 838 1171 potiendis
852 1118 930 1170 quae
949 1102 1095 1155 acerrime

203 1193 516 1260 concupivissettanta
523 1189 641 1247 laetitia
649 1188 1097 1260 perfundiarbitramurquanta

203 1286 256 1335 aut
271 1283 455 1349 superiorem
466 1277 644 1334 Africanum
655 1278 831 1335 Hannibale
840 1282 920 1334 victo
931 1284 984 1333 aut
995 1284 1096 1347 poste-

204 1370 312 1424 riorem
325 1366 509 1436 Carthagine
521 1368 645 1424 eversa?
675 1366 775 1438 Quem
786 1366 929 1423 Tiberina
940 1365 1097 1423 descensio

205 1453 284 1512 festo
299 1455 352 1512 illo
366 1456 416 1512 die
431 1463 519 1512 tauto
533 1455 644 1526 gaudio
661 1456 763 1512 affecit
776 1463 891 1526 quanto
906 1455 940 1511 L.
959 1454 1096 1523 Paulum,

206 1564 275 1601 eum
285 1563 390 1614 regem
402 1544 524 1601 Persem
534 1552 656 1615 captum
665 1543 841 1614 adduceret,
853 1544 963 1602 eodem
974 1542 1097 1600 flumine

145 1638 180 1694 71
205 1634 356 1689 invectio?
371 1631 440 1703 Age
449 1633 623 1703 nunc,Luci
631 1640 874 1703 noster,exstrue
883 1636 985 1689 animo
993 1631 1097 1689 altitu-

206 1722 311 1778 dinem
326 1720 600 1793 excellentiamque
615 1727 781 1790 virtutum;
800 1725 860 1777 iam
874 1740 936 1777 non
951 1719 1099 1777 dubitatis

207 1809 551 1875 quinearumcotnpotes
560 1805 699 1862 homines
707 1824 818 1874 magno
827 1808 927 1861 animo
934 1811 1098 1874 erectoque

207 1893 345 1944 viventes
356 1907 476 1958 semper
487 1893 549 1946 sint
558 1889 655 1957 beati;
671 1893 723 1959 qui
732 1908 838 1946 omnes
846 1895 948 1945 motus
957 1888 1099 1945 fortunae

207 1976 453 2041 mutationesque
462 1991 564 2029 rerum
573 1980 606 2030 et
614 1980 787 2043 temporum
796 1972 878 2029 leves
890 1979 922 2029 et
931 1971 1099 2028 imbecillos

208 2055 272 2111 fore
283 2055 469 2126 intellegant
477 2060 502 2112 si
513 2060 545 2111 in
556 2059 676 2113 virtutis
687 2064 843 2113 certamen
854 2059 1003 2113 venerint.
1043 2053 1100 2110 Illa

208 2143 291 2195 enim
305 2158 383 2209 quae
398 2146 469 2196 sunt
483 2159 501 2194 a
515 2140 601 2196 nobis
612 2139 692 2196 bona
703 2144 834 2210 corporis
845 2146 1004 2196 numerata
1018 2158 1099 2195 com-

208 2221 296 2292 plent
316 2242 352 2278 ea
371 2222 495 2294 quidem
514 2223 719 2279 beatissimam
736 2228 839 2293 vitam,
855 2223 909 2279 sed
926 2227 969 2278 ita
984 2229 1019 2279 ut
1033 2226 1098 2279 sine

209 2304 378 2376 illis·possit
392 2307 483 2363 beata
501 2310 564 2362 vita
583 2311 736 2363 exsistere.
783 2306 831 2362 Ita
845 2311 928 2363 enim
942 2325 1052 2377 parvae
1067 2312 1101 2362 et

210 2393 337 2459 exiguae
352 2397 424 2446 sunt
437 2393 513 2446 istae
528 2395 714 2447 accessiones
728 2390 875 2447 bonorum
895 2397 939 2459 ut,
954 2388 1100 2459 quemad-

209 2473 334 2529 modum
357 2472 464 2530 stellae
487 2477 520 2528 in
537 2473 627 2530 radiis
645 2474 725 2543 solis,
743 2478 785 2530 sic
803 2477 879 2530 istae
902 2478 934 2529 in
951 2477 1100 2530 virtutum

149 2559 188 2616 72
210 2555 372 2626 splendore
387 2575 426 2612 ne
442 2564 605 2613 cernantur
619 2557 751 2627 quidem.
790 2557 893 2626 Atque
907 2556 965 2613 hoc
979 2564 1015 2614 ut
1030 2575 1100 2614 vere

211 2638 332 2707 dicitur,
346 2657 438 2708 parva
450 2659 515 2695 esse
530 2639 569 2696 ad
589 2641 679 2698 beate
694 2640 858 2697 vivendum
872 2647 1029 2697 momenta
1043 2645 1101 2697 ista

212 2726 343 2792 corporis
358 2723 594 2794 commodorum,
609 2729 651 2780 sic
665 2728 755 2780 nimis
768 2723 938 2780 violentum
956 2731 1004 2781 est
1017 2724 1102 2780 nulla

211 2823 277 2862 esse
305 2805 426 2873 dicere;
459 2811 510 2876 qui
539 2812 621 2864 enim
650 2812 692 2864 sic
720 2797 889 2879 disputant,
914 2808 1002 2864 obliti
1026 2807 1101 2864 mihi

246 3077 327 3125 ³The
344 3077 455 3125 festival
472 3076 503 3124 of
518 3076 585 3124 Fors
604 3076 732 3138 Fortuna,
752 3077 821 3138 June
840 3092 880 3140 24,
900 3077 1044 3127 described
1067 3078 1103 3144 by

214 3143 286 3191 Ovid
297 3143 383 3201 Fasti,
396 3144 421 3201 6,
435 3154 490 3206 774.

296 3225 354 3281 472
