2310 3682
449 248 599 308 CICERO
622 249 680 307 DE
701 248 870 307 FINIBUS

217 377 252 428 ut
266 370 416 429 fortitudo
429 375 462 427 in
476 369 629 428 laboribus
642 370 844 441 periculisque
859 377 1012 440 cernatur,
1028 377 1106 427 tem-

176 457 177 460 ’
216 458 355 525 perantia
369 458 401 512 in
415 454 698 525 praetermittendis
712 453 929 524 voluptatibus
941 453 1107 524 prudentia

216 542 248 594 in
258 538 382 595 delectu
392 539 540 595 bonorum
549 545 582 594 et
592 537 750 607 malorum,
758 541 875 595 iustitia
885 540 917 593 in
930 556 984 594 suo
995 541 1105 608 cuique

217 621 389 678 tribuendo.
443 620 574 692 Quando
599 625 693 690 igitur
718 624 799 679 inest
824 624 857 678 in
881 624 965 678 omni
990 624 1105 678 virtute

217 724 288 762 cura
303 705 452 775 quaedam
466 709 551 774 quasi
565 704 644 762 foras
656 712 797 775 spectans
807 703 943 775 aliosque
954 712 1105 776 appetens

217 795 309 858 atque
324 787 540 859 complectens5
552 791 671 845 exsistit
685 787 771 858 illud,
782 796 818 845 ut
827 791 926 858 amici,
936 794 971 844 ut
986 787 1106 858 fratreS,

216 878 253 928 ut
271 875 443 942 propinqui,
457 879 493 928 ut
512 871 624 940 affines,
640 879 675 929 ut
692 875 782 942 cives,
798 878 833 928 ut
850 891 955 928 omnes
970 870 1105 942 denique

217 942 374 1025 (quoniam
393 974 485 1011 unam
505 958 683 1012 societatem
697 953 856 1012 hominum
870 974 936 1012 esse
952 942 1105 1023 volumus)

214 1046 342 1109 propter
362 1057 394 1095 se
414 1038 581 1108 expetendi
601 1041 670 1095 sint.
715 1037 811 1109 Atqui
831 1057 935 1095 eorum
957 1038 1035 1095 nihil
1058 1045 1105 1096 est

216 1125 281 1178 eius
295 1125 417 1201 generis
432 1129 467 1178 ut
484 1125 524 1178 sit
543 1125 575 1178 in
594 1121 654 1178 fine
673 1129 766 1192 atque
787 1130 925 1179 extremo
944 1123 1102 1179 bonorum.

156 1202 194 1262 68
219 1204 267 1261 Ita
280 1204 315 1262 fit
332 1212 367 1261 ut
386 1205 446 1262 duo
463 1224 578 1276 genera
597 1212 722 1276 propter
741 1225 773 1263 se
793 1205 1037 1276 expetendorum
1056 1225 1104 1263 re-

217 1292 383 1359 periantur,
398 1308 493 1345 unum
508 1287 589 1359 quod
604 1292 698 1346 estin
712 1292 748 1346 iis
763 1293 795 1346 in
810 1290 918 1358 quibus
933 1289 1105 1360 completur

217 1370 294 1428 illud
312 1379 492 1441 extremum,
511 1391 588 1442 quae
608 1379 680 1429 sunt
698 1379 752 1429 aut
770 1376 864 1429 animi
883 1379 937 1430 aut
956 1377 1103 1444 corporis;

217 1454 293 1512 haec
307 1462 411 1513 autem
425 1474 503 1524 quae
517 1462 589 1512 sunt
603 1459 801 1526 extrinsecus,
812 1455 844 1513 id
856 1463 903 1512 est
913 1475 991 1526 quae
1002 1476 1104 1527 neque

217 1542 247 1595 in
260 1542 361 1594 animo
372 1542 477 1595 insunt
487 1558 588 1608 neque
599 1542 632 1594 in
646 1558 781 1609 corpore,
793 1543 937 1610 utamini,
949 1547 984 1597 ut
994 1559 1103 1611 paren-

218 1629 276 1692 teS,
291 1628 326 1678 ut
345 1621 444 1691 liberi,
461 1628 497 1679 ut
511 1626 682 1693 propinqui,
697 1630 733 1680 ut
751 1626 817 1693 ipsa
835 1627 943 1694 patria,
959 1630 1032 1680 sunt
1052 1623 1104 1681 illa

217 1705 342 1774 quidem
361 1725 415 1762 sua
434 1712 543 1776 sponte
563 1725 641 1776 cara,
656 1705 710 1762 sed
730 1706 839 1764 eodem
858 1710 890 1763 in
909 1725 1026 1776 genere
1044 1726 1104 1778 quo

217 1787 269 1845 illa
288 1808 350 1844 non
369 1796 448 1845 sunt.
493 1789 559 1846 Nec
579 1808 651 1846 vero
665 1809 809 1860 umquam
823 1809 975 1847 summurn
989 1791 1104 1848 bonum

217 1876 335 1941 assequi
347 1875 504 1942 quisquam
516 1880 618 1943 posset
630 1876 655 1928 si
665 1877 766 1929 omnia
776 1873 838 1944 illa,
848 1893 925 1944 quae
936 1881 1009 1931 sunt
1018 1882 1104 1932 extra

217 1974 399 2026 quamquam
414 1955 598 2026 expetenda,
613 1975 730 2012 summo
745 1956 825 2013 bono
840 1961 1081 2015 continerentur.

154 2037 194 2104 69
268 2037 380 2095 XXIV.
414 2024 604 2109 “Quomodo
628 2042 731 2109 igitur,
754 2044 884 2110 inquies,
906 2060 1012 2098 verum
1038 2061 1104 2100 esse

216 2125 330 2192 poterit
347 2126 447 2178 omnia
466 2121 572 2179 referri
590 2121 630 2179 ad
649 2141 800 2180 summum
819 2124 943 2194 bonum,
958 2129 983 2181 si
1002 2130 1104 2183 amici·

216 2209 287 2273 tiae,
310 2208 335 2261 si
360 2209 612 2276 propinquitates,
635 2209 659 2262 si
686 2207 804 2277 reliqua
832 2215 959 2264 externa
987 2227 1105 2266 summo

215 2287 295 2344 bono
309 2307 372 2345 non
386 2290 605 2346 continentur?
648 2289 717 2346 Hac
727 2289 873 2348 videlicet
882 2295 1011 2362 ratione,
1023 2292 1105 2363 quod

216 2391 252 2428 ea
266 2391 344 2441 quae
359 2379 486 2429 externa
500 2380 571 2430 sunt
585 2376 621 2430 iis
631 2380 753 2430 tuemur
764 2373 866 2432 officiis
877 2393 954 2445 quae
966 2379 1105 2434 oriuntur

215 2475 233 2511 a
247 2474 300 2512 suo
315 2459 459 2526 cuiusque
473 2475 587 2526 genere
603 2460 730 2513 virtutis.
762 2458 840 2514 Nam
855 2465 889 2515 et
901 2462 990 2516 amici
1005 2460 1105 2518 cultus

215 2546 247 2595 et
262 2542 397 2609 parentis
412 2543 440 2596 ei
455 2543 507 2608 qui
521 2540 616 2597 officio
634 2539 772 2610 fungitur
791 2544 823 2597 in
843 2560 880 2599 eo
894 2544 959 2612 ipso
979 2543 1105 2614 prodest

214 2622 296 2692 quod
313 2626 357 2679 ita
377 2622 464 2693 fungi
483 2622 579 2680 officio
598 2627 630 2679 in
649 2631 733 2681 recte
753 2623 842 2682 factis
862 2631 919 2695 est,
934 2644 1013 2695 quae
1033 2635 1105 2686 sunt

213 2694 324 2762 ortaal
340 2707 509 2763 virtutibus.
543 2705 629 2777 Quae
640 2706 763 2776 quidem
772 2712 926 2778 sapientes
934 2719 1105 2779 sequuntur

213 2795 338 2845 utentes
352 2778 525 2860 tamquam²
540 2790 618 2847 duce
631 2797 758 2858 natura3
779 2811 842 2849 non
856 2791 987 2863 perfecti
999 2804 1105 2853 autem

247 2937 280 2988 la
292 2940 411 2988 inserted
423 2939 459 3005 by
473 2940 629 2998 Lambinus,
644 2939 716 2989 Mdv.

247 3005 371 3054 ²utentes
393 3010 532 3068 tamquam
557 3006 630 3053 Mdv.
656 3006 804 3066 brackets3
830 3014 933 3059 utentes
954 3019 1107 3076 sequuntur

215 3076 354 3148 tamquam
367 3070 458 3126 MSS.;
472 3070 545 3118 Mdv.
557 3069 626 3146 conj.
639 3071 760 3122 videntes
767 3080 919 3138 sequuntur
927 3077 993 3126 duce
1002 3085 1104 3129 natura

214 3153 273 3184 eam
286 3153 368 3185 utam.
936 3158 939 3163 ·

296 3216 355 3274 470
