2310 3682
449 249 599 308 CICERO
622 249 680 307 DE
702 249 870 309 FINIBUS

214 372 330 429 homini
344 375 396 441 qui
411 390 473 428 non
492 378 650 428 moveatur
669 378 702 428 et
722 371 886 428 offensione
906 370 1106 442 turpitudinis

215 462 247 512 et
262 455 507 525 comprobatione
521 454 712 512 honestatis?
734 458 801 525 quis
812 462 860 512 est
870 458 994 525 quinon
1006 454 1106 512 oderit

213 539 415 608 libidinosam,
426 546 598 609 protervam
609 538 867 596 adulescentiam?
878 542 945 608 quis
956 545 1063 595 contra
1073 541 1105 593 in

214 623 266 680 illa
286 629 388 679 aetate
408 622 566 693 pudorem,
586 626 797 691 constantiam,
813 625 932 679 etiamsi
953 641 1007 679 sua
1028 621 1105 678 nihil

213 710 344 776 intersit,
355 725 417 762 non
428 713 532 762 tamen
543 704 673 775 diligat?
688 709 755 776 quis
767 705 887 762 Pullum
899 706 1105 762 Numitorium

214 789 429 859 Fregellanum
442 788 639 859 proditorem,
650 809 833 858 quamquam
843 793 888 846 rei
899 789 1039 860 publicae
1051 808 1104 844 no-

214 881 294 930 strae
310 871 433 943 profuit,
448 892 508 929 non
529 872 613 929 odit?
635 877 702 942 quis
721 860 829 929 huius1
844 874 927 929 urbis
946 892 1103 929 conserva-

213 964 313 1014 torem
338 956 481 1025 Codrum,
504 959 570 1025 quis
594 955 762 1012 Erechthei
790 955 865 1013 filias
887 976 950 1013 non
972 959 1104 1012 maxime

213 1039 340 1096 laudat?
362 1043 411 1096 cui
426 1038 537 1096 Tubuli
548 1058 661 1096 nomen
672 1039 741 1096 odio
752 1059 814 1095 uon
826 1041 895 1096 est?
917 1043 984 1110 quis
995 1039 1104 1096 Aristi·

213 1123 285 1180 dem
299 1142 361 1179 non
375 1131 529 1180 mortuum
543 1122 665 1192 diligit?
709 1123 759 1179 An
773 1122 976 1180 obliviscimur
990 1131 1105 1193 quanto

214 1226 305 1277 opere
327 1210 359 1262 in
380 1206 532 1263 audiendo
553 1194 604 1262 in²
624 1206 817 1276 legendoque
839 1226 1014 1264 moveamur
1035 1227 1104 1263 cum

214 1295 274 1360 pie,
294 1310 363 1347 cum
384 1295 490 1360 amice,
509 1310 577 1347 cum
598 1309 710 1360 magno
730 1294 831 1346 animo
852 1290 967 1361 aliquid
988 1289 1104 1348 factum

152 1371 191 1431 63
214 1375 443 1444 cognoscimus?
491 1371 573 1443 Quid
587 1372 694 1443 loquor
708 1373 748 1430 de
762 1375 849 1431 nobis
864 1377 916 1444 qui
930 1374 970 1431 ad
980 1373 1103 1431 laudem

214 1465 247 1515 et
268 1457 307 1514 ad
336 1457 429 1514 decus
457 1460 531 1525 nati,
560 1461 703 1527 suscepti,
728 1461 862 1514 instituti
891 1459 1016 1515 sumus?
1052 1462 1103 1528 qui

213 1541 358 1597 clamores
372 1540 456 1610 vulgi
470 1547 562 1609 atque
577 1544 786 1611 imperitorum
801 1545 974 1598 excitantur
988 1544 1021 1598 in
1035 1541 1104 1599 the·

212 1628 294 1694 atris,
309 1643 378 1680 cum
392 1623 444 1680 illa
458 1623 618 1680 dicuntur:

504 1731 570 1801 Ego
585 1751 651 1788 sum
666 1732 802 1801 Orestes,

213 1847 379 1911 contraque
394 1841 432 1896 ab
447 1840 562 1897 altero:

296 1948 393 2005 Immo
408 1952 562 2006 enimvero
577 1968 635 2019 ego
649 1969 725 2020 sum,
736 1953 870 2020 inquam,
882 1950 1024 2008 Orestes!

212 2057 288 2113 Cum
307 2065 411 2114 autem
432 2061 533 2130 etiam,
545 2061 644 2114 exitus
663 2058 702 2114 ab
722 2065 851 2128 utroque
871 2058 962 2116 datur
982 2066 1104 2116 contur-

211 2140 283 2196 bato
298 2145 471 2210 errantique
486 2145 570 2210 regi:

363 2247 464 2304 Ambo
479 2268 552 2319 ergo
566 2268 627 2304 una
640 2253 776 2306 necarier
790 2269 957 2320 precamur,

101 2421 109 2433 ·
211 2359 351 2426 quotiens
371 2355 428 2412 hoc
444 2349 554 2427 agitur,
570 2357 768 2427 ecquandone
782 2360 840 2414 nisi
853 2356 1104 2415 admirationibus

211 2440 370 2495 maximis?
413 2439 513 2496 Nemo
534 2448 582 2497 est
601 2444 695 2511 igitur
715 2445 788 2511 quin
808 2440 887 2497 hanc
909 2440 1102 2500 affectionem

210 2527 303 2579 animi
325 2523 435 2593 probet
458 2530 551 2594 atque
573 2523 678 2581 laudet
699 2544 758 2594 qua
781 2545 844 2581 non
866 2524 958 2582 modo
984 2525 1102 2583 utilitas

210 2605 294 2662 nulla
309 2610 463 2676 quaeritur
477 2607 532 2664 sed
543 2615 648 2664 contra
659 2608 825 2665 utilitatem
840 2611 933 2665 etiam
945 2628 1102 2667 conserva-

83 2714 86 2722 ·
149 2686 188 2745 64
210 2696 261 2745 tur
276 2688 358 2746 fides.
393 2688 516 2747 Talibus
531 2691 679 2761 exemplis
693 2711 755 2748 nou
770 2690 857 2749 fictae
869 2691 967 2749 solum
982 2691 1102 2750 fabulae

210 2792 316 2830 verum
344 2776 437 2830 etiam
469 2772 614 2832 historiae
643 2773 776 2832 refertae
804 2781 886 2845 suut,
915 2783 949 2833 et
977 2776 1102 2846 quidem

302 2903 402 2953 ¹huius
413 2905 533 2954 inserted
544 2906 581 2969 by
594 2907 699 2964 Miiller,
713 2907 867 2971 suggested
878 2908 915 2971 by
929 2907 1004 2957 Mdv.

300 2968 348 3018 ²in
362 2971 434 3019 Mdv.
449 2971 585 3020 brackets.

505 3127 570 3177 ³Cf.
586 3128 622 3189 ΙΙ,
637 3142 678 3194 79,
691 3137 765 3180 note.

293 3204 353 3264 464
