<?xml version="1.0" encoding="UTF-8"?>
<!DOCTYPE html PUBLIC "-//W3C//DTD XHTML 1.0 Transitional//EN"
    "http://www.w3.org/TR/xhtml1/DTD/xhtml1-transitional.dtd">
<html xmlns="http://www.w3.org/1999/xhtml" xml:lang="en" lang="en">
 <head>
  <title>
</title>
<meta http-equiv="Content-Type" content="text/html;charset=utf-8" />
  <meta name='ocr-system' content='tesseract 3.04.00' />
  <meta name='ocr-capabilities' content='ocr_page ocr_carea ocr_par ocr_line ocrx_word'/>
</head>
<body>
  <div class='ocr_page' id='page_1' title='image "./definibusbonoru02cicegoog_0049.png"; bbox 0 0 2310 3682; ppageno 0'>
   <div class='ocr_carea' id='block_1_1' title="bbox 394 213 815 273">
    <p class='ocr_par' dir='ltr' id='par_1_1' title="bbox 394 213 815 273">
     <span class='ocr_line' id='line_1_1' title="bbox 394 213 815 273; baseline 0 0"><span class='ocrx_word' id='word_1_1' title='bbox 394 215 544 273; x_wconf 86' lang='lat' dir='ltr'>CICERO</span> <span class='ocrx_word' id='word_1_2' title='bbox 567 214 624 272; x_wconf 90' lang='lat' dir='ltr'><strong>DE</strong></span> <span class='ocrx_word' id='word_1_3' title='bbox 648 213 815 273; x_wconf 90' lang='lat' dir='ltr'><strong>FlNlBUS</strong></span> 
     </span>
    </p>
   </div>
   <div class='ocr_carea' id='block_1_2' title="bbox 99 320 1054 2789">
    <p class='ocr_par' dir='ltr' id='par_1_2' title="bbox 99 320 1052 1273">
     <span class='ocr_line' id='line_1_2' title="bbox 99 320 1049 408; baseline -0.002 -16"><span class='ocrx_word' id='word_1_4' title='bbox 99 343 134 393; x_wconf 89' lang='lat'><strong>10</strong></span> <span class='ocrx_word' id='word_1_5' title='bbox 158 336 219 396; x_wconf 87' lang='lat' dir='ltr'><strong>Sed</strong></span> <span class='ocrx_word' id='word_1_6' title='bbox 233 341 298 394; x_wconf 87' lang='lat' dir='ltr'><strong>iure</strong></span> <span class='ocrx_word' id='word_1_7' title='bbox 314 337 441 394; x_wconf 90' lang='lat' dir='ltr'><strong>Mucius.</strong></span> <span class='ocrx_word' id='word_1_8' title='bbox 473 335 540 408; x_wconf 83' lang='lat' dir='ltr'><strong>Ego</strong></span> <span class='ocrx_word' id='word_1_9' title='bbox 550 343 653 393; x_wconf 91' lang='lat' dir='ltr'><strong>autem</strong></span> <span class='ocrx_word' id='word_1_10' title='bbox 668 338 768 392; x_wconf 87' lang='lat' dir='ltr'><strong>mirari</strong></span> <span class='ocrx_word' id='word_1_11' title='bbox 783 338 855 392; x_wconf 88' lang='lat' dir='ltr'><strong>satis</strong></span> <span class='ocrx_word' id='word_1_12' title='bbox 865 320 946 390; x_wconf 89' lang='lat' dir='ltr'><strong>nonl</strong></span> <span class='ocrx_word' id='word_1_13' title='bbox 958 352 1049 405; x_wconf 86' lang='lat' dir='ltr'><strong>queo,</strong></span> 
     </span>
     <span class='ocr_line' id='line_1_3' title="bbox 157 440 1050 503; baseline -0.004 -1"><span class='ocrx_word' id='word_1_14' title='bbox 157 445 240 503; x_wconf 91' lang='lat' dir='ltr'><strong>unde</strong></span> <span class='ocrx_word' id='word_1_15' title='bbox 253 445 312 502; x_wconf 81' lang='lat' dir='ltr'><strong>bo&#39;c</strong></span> <span class='ocrx_word' id='word_1_16' title='bbox 326 449 366 502; x_wconf 93' lang='lat' dir='ltr'><strong>sit</strong></span> <span class='ocrx_word' id='word_1_17' title='bbox 380 452 444 502; x_wconf 88' lang='lat' dir='ltr'><strong>tam</strong></span> <span class='ocrx_word' id='word_1_18' title='bbox 458 444 591 502; x_wconf 91' lang='lat' dir='ltr'><strong>insolens</strong></span> <span class='ocrx_word' id='word_1_19' title='bbox 602 443 835 502; x_wconf 89' lang='lat' dir='ltr'><strong>domesticarum</strong></span> <span class='ocrx_word' id='word_1_20' title='bbox 849 461 950 500; x_wconf 90' lang='lat' dir='ltr'><strong>rerum</strong></span> <span class='ocrx_word' id='word_1_21' title='bbox 965 440 1050 499; x_wconf 87' lang='lat' dir='ltr'><strong>fasti-</strong></span> 
     </span>
     <span class='ocr_line' id='line_1_4' title="bbox 158 549 1050 621; baseline -0.002 -11"><span class='ocrx_word' id='word_1_22' title='bbox 158 553 250 611; x_wconf 92' lang='lat' dir='ltr'><strong>dium.</strong></span> <span class='ocrx_word' id='word_1_23' title='bbox 295 553 366 610; x_wconf 92' lang='lat' dir='ltr'><strong>Non</strong></span> <span class='ocrx_word' id='word_1_24' title='bbox 388 560 435 610; x_wconf 89' lang='lat' dir='ltr'><strong>est</strong></span> <span class='ocrx_word' id='word_1_25' title='bbox 454 558 577 611; x_wconf 92' lang='lat' dir='ltr'><strong>omnino</strong></span> <span class='ocrx_word' id='word_1_26' title='bbox 598 552 648 610; x_wconf 92' lang='lat' dir='ltr'><strong>hic</strong></span> <span class='ocrx_word' id='word_1_27' title='bbox 669 551 800 611; x_wconf 90' lang='lat' dir='ltr'><strong>docendi</strong></span> <span class='ocrx_word' id='word_1_28' title='bbox 822 551 916 621; x_wconf 89' lang='lat' dir='ltr'><strong>locus,</strong></span> <span class='ocrx_word' id='word_1_29' title='bbox 930 549 986 608; x_wconf 89' lang='lat' dir='ltr'><strong>sed</strong></span> <span class='ocrx_word' id='word_1_30' title='bbox 1006 553 1050 608; x_wconf 80' lang='lat' dir='ltr'><strong>ita</strong></span> 
     </span>
     <span class='ocr_line' id='line_1_5' title="bbox 158 657 1051 733; baseline -0.003 -15"><span class='ocrx_word' id='word_1_31' title='bbox 158 666 257 719; x_wconf 91' lang='lat' dir='ltr'><strong>sentio</strong></span> <span class='ocrx_word' id='word_1_32' title='bbox 272 667 304 719; x_wconf 92' lang='lat' dir='ltr'><strong>et</strong></span> <span class='ocrx_word' id='word_1_33' title='bbox 318 680 408 733; x_wconf 86' lang='lat' dir='ltr'><strong>saepe</strong></span> <span class='ocrx_word' id='word_1_34' title='bbox 423 662 560 732; x_wconf 88' lang='lat' dir='ltr'><strong>disserui,</strong></span> <span class='ocrx_word' id='word_1_35' title='bbox 576 660 716 718; x_wconf 85' lang='lat' dir='ltr'><strong>Latinam</strong></span> <span class='ocrx_word' id='word_1_36' title='bbox 732 660 868 730; x_wconf 81' lang='lat' dir='ltr'><strong>linguam</strong></span> <span class='ocrx_word' id='word_1_37' title='bbox 883 678 945 716; x_wconf 92' lang='lat' dir='ltr'><strong>non</strong></span> <span class='ocrx_word' id='word_1_38' title='bbox 959 657 1051 716; x_wconf 91' lang='lat' dir='ltr'><strong>modo</strong></span> 
     </span>
     <span class='ocr_line' id='line_1_6' title="bbox 148 756 1050 843; baseline -0.003 -17"><span class='ocrx_word' id='word_1_39' title='bbox 148 789 220 843; x_wconf 78' lang='lat' dir='ltr'><strong>¹non</strong></span> <span class='ocrx_word' id='word_1_40' title='bbox 243 773 374 841; x_wconf 87' lang='lat' dir='ltr'>inopem,</span> <span class='ocrx_word' id='word_1_41' title='bbox 397 776 433 826; x_wconf 89' lang='lat' dir='ltr'><strong>ut</strong></span> <span class='ocrx_word' id='word_1_42' title='bbox 454 769 545 841; x_wconf 82' lang='lat' dir='ltr'><strong>vulgo</strong></span> <span class='ocrx_word' id='word_1_43' title='bbox 566 776 720 841; x_wconf 85' lang='lat' dir='ltr'><strong>putarent,</strong></span> <span class='ocrx_word' id='word_1_44' title='bbox 743 766 797 826; x_wconf 92' lang='lat' dir='ltr'><strong>sed</strong></span> <span class='ocrx_word' id='word_1_45' title='bbox 819 756 1050 839; x_wconf 85' lang='lat' dir='ltr'>locupletiorem</span> 
     </span>
     <span class='ocr_line' id='line_1_7' title="bbox 158 873 1050 949; baseline -0.006 -14"><span class='ocrx_word' id='word_1_46' title='bbox 158 881 252 935; x_wconf 86' lang='lat' dir='ltr'><strong>etiam</strong></span> <span class='ocrx_word' id='word_1_47' title='bbox 267 897 332 935; x_wconf 89' lang='lat' dir='ltr'><strong>esse</strong></span> <span class='ocrx_word' id='word_1_48' title='bbox 347 897 438 949; x_wconf 87' lang='lat' dir='ltr'><strong>quam</strong></span> <span class='ocrx_word' id='word_1_49' title='bbox 454 878 609 935; x_wconf 83' lang='lat' dir='ltr'><strong>Graecam.</strong></span> <span class='ocrx_word' id='word_1_50' title='bbox 647 876 778 948; x_wconf 87' lang='lat' dir='ltr'><strong>Quando</strong></span> <span class='ocrx_word' id='word_1_51' title='bbox 793 880 876 934; x_wconf 90' lang='lat' dir='ltr'><strong>enim</strong></span> <span class='ocrx_word' id='word_1_52' title='bbox 889 876 986 946; x_wconf 88' lang='lat' dir='ltr'><strong>nobis,</strong></span> <span class='ocrx_word' id='word_1_53' title='bbox 1002 873 1050 932; x_wconf 92' lang='lat' dir='ltr'><strong>vel</strong></span> 
     </span>
     <span class='ocr_line' id='line_1_8' title="bbox 158 982 1052 1057; baseline -0.003 -15"><span class='ocrx_word' id='word_1_54' title='bbox 158 985 257 1042; x_wconf 91' lang='lat' dir='ltr'><strong>dicam</strong></span> <span class='ocrx_word' id='word_1_55' title='bbox 270 992 324 1042; x_wconf 86' lang='lat' dir='ltr'><strong>aut</strong></span> <span class='ocrx_word' id='word_1_56' title='bbox 338 985 505 1043; x_wconf 89' lang='lat' dir='ltr'><strong>oratoribus</strong></span> <span class='ocrx_word' id='word_1_57' title='bbox 519 985 605 1042; x_wconf 93' lang='lat' dir='ltr'><strong>bonis</strong></span> <span class='ocrx_word' id='word_1_58' title='bbox 619 993 673 1043; x_wconf 86' lang='lat' dir='ltr'><strong>aut</strong></span> <span class='ocrx_word' id='word_1_59' title='bbox 686 988 795 1057; x_wconf 88' lang='lat' dir='ltr'><strong>poetis,</strong></span> <span class='ocrx_word' id='word_1_60' title='bbox 806 992 912 1056; x_wconf 89' lang='lat' dir='ltr'><strong>postea</strong></span> <span class='ocrx_word' id='word_1_61' title='bbox 925 982 1052 1055; x_wconf 91' lang='lat' dir='ltr'><strong>quidem</strong></span> 
     </span>
     <span class='ocr_line' id='line_1_9' title="bbox 158 1090 1051 1164; baseline -0.001 -15"><span class='ocrx_word' id='word_1_62' title='bbox 158 1112 249 1164; x_wconf 88' lang='lat' dir='ltr'><strong>quam</strong></span> <span class='ocrx_word' id='word_1_63' title='bbox 278 1092 336 1151; x_wconf 83' lang='lat' dir='ltr'><strong>suit</strong></span> <span class='ocrx_word' id='word_1_64' title='bbox 368 1113 459 1164; x_wconf 91' lang='lat' dir='ltr'><strong>quem</strong></span> <span class='ocrx_word' id='word_1_65' title='bbox 490 1097 693 1164; x_wconf 77' lang='lat' dir='ltr'><strong>imitarentur,</strong></span> <span class='ocrx_word' id='word_1_66' title='bbox 721 1092 801 1150; x_wconf 91' lang='lat' dir='ltr'><strong>ullus</strong></span> <span class='ocrx_word' id='word_1_67' title='bbox 829 1095 973 1150; x_wconf 87' lang='lat' dir='ltr'><strong>orationis</strong></span> <span class='ocrx_word' id='word_1_68' title='bbox 1001 1090 1051 1149; x_wconf 89' lang='lat' dir='ltr'><strong>vel</strong></span> 
     </span>
     <span class='ocr_line' id='line_1_10' title="bbox 159 1199 793 1273; baseline 0 -15"><span class='ocrx_word' id='word_1_69' title='bbox 159 1205 296 1273; x_wconf 86' lang='lat' dir='ltr'><strong>copiosae</strong></span> <span class='ocrx_word' id='word_1_70' title='bbox 305 1201 359 1259; x_wconf 91' lang='lat' dir='ltr'><strong>·vel</strong></span> <span class='ocrx_word' id='word_1_71' title='bbox 374 1200 524 1272; x_wconf 81' lang='lat' dir='ltr'><strong>elegantis</strong></span> <span class='ocrx_word' id='word_1_72' title='bbox 538 1208 661 1259; x_wconf 88' lang='lat' dir='ltr'><strong>omatus</strong></span> <span class='ocrx_word' id='word_1_73' title='bbox 675 1199 793 1259; x_wconf 86' lang='lat' dir='ltr'><strong>defuit?</strong></span> 
     </span>
    </p>

    <p class='ocr_par' dir='ltr' id='par_1_3' title="bbox 157 1298 1054 2139">
     <span class='ocr_line' id='line_1_11' title="bbox 201 1298 1052 1381; baseline 0 -15"><span class='ocrx_word' id='word_1_74' title='bbox 201 1309 252 1366; x_wconf 91' lang='lat' dir='ltr'><strong>IV.</strong></span> <span class='ocrx_word' id='word_1_75' title='bbox 267 1309 333 1380; x_wconf 83' lang='lat' dir='ltr'><strong>Ego</strong></span> <span class='ocrx_word' id='word_1_76' title='bbox 341 1329 422 1380; x_wconf 91' lang='lat' dir='ltr'><strong>vero,</strong></span> <span class='ocrx_word' id='word_1_77' title='bbox 429 1298 588 1380; x_wconf 75' lang='lat' dir='ltr'><strong>quoniam²</strong></span> <span class='ocrx_word' id='word_1_78' title='bbox 597 1309 766 1367; x_wconf 86' lang='lat' dir='ltr'><strong>forensibus</strong></span> <span class='ocrx_word' id='word_1_79' title='bbox 775 1309 1052 1381; x_wconf 88' lang='lat' dir='ltr'><strong>operis,laboribus,</strong></span> 
     </span>
     <span class='ocr_line' id='line_1_12' title="bbox 158 1416 1052 1489; baseline 0 -14"><span class='ocrx_word' id='word_1_80' title='bbox 158 1417 299 1489; x_wconf 92' lang='lat' dir='ltr'><strong>periculis</strong></span> <span class='ocrx_word' id='word_1_81' title='bbox 321 1437 383 1474; x_wconf 93' lang='lat' dir='ltr'><strong>non</strong></span> <span class='ocrx_word' id='word_1_82' title='bbox 404 1416 573 1476; x_wconf 90' lang='lat' dir='ltr'><strong>deseruisse</strong></span> <span class='ocrx_word' id='word_1_83' title='bbox 595 1417 670 1474; x_wconf 93' lang='lat' dir='ltr'><strong>mihi</strong></span> <span class='ocrx_word' id='word_1_84' title='bbox 689 1417 794 1476; x_wconf 92' lang='lat' dir='ltr'><strong>videor</strong></span> <span class='ocrx_word' id='word_1_85' title='bbox 814 1416 998 1489; x_wconf 90' lang='lat' dir='ltr'><strong>praesidium</strong></span> <span class='ocrx_word' id='word_1_86' title='bbox 1019 1421 1052 1475; x_wconf 89' lang='lat' dir='ltr'><strong>in</strong></span> 
     </span>
     <span class='ocr_line' id='line_1_13' title="bbox 158 1524 1053 1597; baseline 0.001 -15"><span class='ocrx_word' id='word_1_87' title='bbox 158 1545 219 1597; x_wconf 92' lang='lat' dir='ltr'><strong>quo</strong></span> <span class='ocrx_word' id='word_1_88' title='bbox 237 1546 255 1582; x_wconf 98' lang='lat' dir='ltr'><strong>a</strong></span> <span class='ocrx_word' id='word_1_89' title='bbox 274 1525 386 1597; x_wconf 93' lang='lat' dir='ltr'><strong>populo</strong></span> <span class='ocrx_word' id='word_1_90' title='bbox 408 1526 542 1583; x_wconf 88' lang='lat' dir='ltr'><strong>Romano</strong></span> <span class='ocrx_word' id='word_1_91' title='bbox 561 1525 677 1584; x_wconf 86' lang='lat' dir='ltr'><strong>locatus</strong></span> <span class='ocrx_word' id='word_1_92' title='bbox 696 1547 772 1597; x_wconf 90' lang='lat' dir='ltr'><strong>sum,</strong></span> <span class='ocrx_word' id='word_1_93' title='bbox 787 1526 885 1584; x_wconf 83' lang='lat' dir='ltr'><strong>debeo</strong></span> <span class='ocrx_word' id='word_1_94' title='bbox 905 1524 1053 1597; x_wconf 88' lang='lat' dir='ltr'><strong>profecto,</strong></span> 
     </span>
     <span class='ocr_line' id='line_1_14' title="bbox 159 1634 1054 1706; baseline 0.002 -16"><span class='ocrx_word' id='word_1_95' title='bbox 159 1641 436 1705; x_wconf 89' lang='lat' dir='ltr'><strong>quantumcumque</strong></span> <span class='ocrx_word' id='word_1_96' title='bbox 452 1654 584 1706; x_wconf 92' lang='lat' dir='ltr'><strong>possum,</strong></span> <span class='ocrx_word' id='word_1_97' title='bbox 597 1638 630 1691; x_wconf 91' lang='lat' dir='ltr'><strong>in</strong></span> <span class='ocrx_word' id='word_1_98' title='bbox 650 1655 686 1692; x_wconf 93' lang='lat' dir='ltr'><strong>eo</strong></span> <span class='ocrx_word' id='word_1_99' title='bbox 705 1655 826 1706; x_wconf 90' lang='lat' dir='ltr'><strong>quoque</strong></span> <span class='ocrx_word' id='word_1_100' title='bbox 848 1634 1054 1693; x_wconf 84' lang='lat' dir='ltr'><strong>elaborarent</strong></span> 
     </span>
     <span class='ocr_line' id='line_1_15' title="bbox 158 1742 1051 1814; baseline 0.001 -15"><span class='ocrx_word' id='word_1_101' title='bbox 158 1747 221 1799; x_wconf 88' lang='lat' dir='ltr'><strong>sint</strong></span> <span class='ocrx_word' id='word_1_102' title='bbox 242 1762 343 1814; x_wconf 90' lang='lat' dir='ltr'><strong>opera,</strong></span> <span class='ocrx_word' id='word_1_103' title='bbox 361 1742 472 1813; x_wconf 92' lang='lat' dir='ltr'><strong>studio,</strong></span> <span class='ocrx_word' id='word_1_104' title='bbox 492 1742 594 1800; x_wconf 89' lang='lat' dir='ltr'><strong>labore</strong></span> <span class='ocrx_word' id='word_1_105' title='bbox 616 1763 685 1801; x_wconf 92' lang='lat' dir='ltr'><strong>meo</strong></span> <span class='ocrx_word' id='word_1_106' title='bbox 706 1743 856 1801; x_wconf 88' lang='lat' dir='ltr'><strong>doctiores</strong></span> <span class='ocrx_word' id='word_1_107' title='bbox 877 1747 958 1801; x_wconf 90' lang='lat' dir='ltr'><strong>cives</strong></span> <span class='ocrx_word' id='word_1_108' title='bbox 979 1747 1051 1814; x_wconf 90' lang='lat' dir='ltr'><strong>mei,</strong></span> 
     </span>
     <span class='ocr_line' id='line_1_16' title="bbox 158 1850 1051 1922; baseline 0.003 -16"><span class='ocrx_word' id='word_1_109' title='bbox 158 1870 215 1907; x_wconf 89' lang='lat' dir='ltr'><strong>nec</strong></span> <span class='ocrx_word' id='word_1_110' title='bbox 230 1870 298 1907; x_wconf 91' lang='lat' dir='ltr'><strong>cum</strong></span> <span class='ocrx_word' id='word_1_111' title='bbox 313 1854 379 1908; x_wconf 91' lang='lat' dir='ltr'><strong>istis</strong></span> <span class='ocrx_word' id='word_1_112' title='bbox 392 1858 481 1908; x_wconf 87' lang='lat' dir='ltr'><strong>tanto</strong></span> <span class='ocrx_word' id='word_1_113' title='bbox 494 1870 586 1922; x_wconf 94' lang='lat' dir='ltr'><strong>opere</strong></span> <span class='ocrx_word' id='word_1_114' title='bbox 601 1871 737 1922; x_wconf 81' lang='lat' dir='ltr'><strong>pugnare</strong></span> <span class='ocrx_word' id='word_1_115' title='bbox 749 1855 800 1922; x_wconf 93' lang='lat' dir='ltr'><strong>qui</strong></span> <span class='ocrx_word' id='word_1_116' title='bbox 816 1851 932 1909; x_wconf 90' lang='lat' dir='ltr'><strong>Graeca</strong></span> <span class='ocrx_word' id='word_1_117' title='bbox 946 1850 1051 1921; x_wconf 81' lang='lat' dir='ltr'><strong>legere</strong></span> 
     </span>
     <span class='ocr_line' id='line_1_17' title="bbox 158 1959 1051 2031; baseline 0.003 -16"><span class='ocrx_word' id='word_1_118' title='bbox 158 1959 276 2029; x_wconf 87' lang='lat' dir='ltr'><strong>malint,</strong></span> <span class='ocrx_word' id='word_1_119' title='bbox 301 1959 392 2016; x_wconf 93' lang='lat' dir='ltr'><strong>modo</strong></span> <span class='ocrx_word' id='word_1_120' title='bbox 417 1959 523 2030; x_wconf 83' lang='lat' dir='ltr'><strong>legant</strong></span> <span class='ocrx_word' id='word_1_121' title='bbox 548 1959 599 2017; x_wconf 93' lang='lat' dir='ltr'><strong>illa</strong></span> <span class='ocrx_word' id='word_1_122' title='bbox 624 1963 698 2031; x_wconf 90' lang='lat' dir='ltr'><strong>ipsa,</strong></span> <span class='ocrx_word' id='word_1_123' title='bbox 721 1980 761 2017; x_wconf 92' lang='lat' dir='ltr'><strong>ne</strong></span> <span class='ocrx_word' id='word_1_124' title='bbox 784 1959 940 2030; x_wconf 87' lang='lat' dir='ltr'><strong>simulent,</strong></span> <span class='ocrx_word' id='word_1_125' title='bbox 962 1966 995 2016; x_wconf 92' lang='lat' dir='ltr'><strong>et</strong></span> <span class='ocrx_word' id='word_1_126' title='bbox 1014 1962 1051 2018; x_wconf 90' lang='lat' dir='ltr'><strong>iis</strong></span> 
     </span>
     <span class='ocr_line' id='line_1_18' title="bbox 157 2067 1051 2139; baseline 0.003 -16"><span class='ocrx_word' id='word_1_127' title='bbox 157 2070 268 2124; x_wconf 91' lang='lat' dir='ltr'><strong>servire</strong></span> <span class='ocrx_word' id='word_1_128' title='bbox 283 2071 335 2137; x_wconf 92' lang='lat' dir='ltr'><strong>qui</strong></span> <span class='ocrx_word' id='word_1_129' title='bbox 350 2067 398 2123; x_wconf 88' lang='lat' dir='ltr'><strong>vel</strong></span> <span class='ocrx_word' id='word_1_130' title='bbox 413 2072 549 2139; x_wconf 89' lang='lat' dir='ltr'><strong>utrisque</strong></span> <span class='ocrx_word' id='word_1_131' title='bbox 566 2068 677 2126; x_wconf 89' lang='lat' dir='ltr'><strong>litteris</strong></span> <span class='ocrx_word' id='word_1_132' title='bbox 697 2072 742 2125; x_wconf 90' lang='lat' dir='ltr'><strong>uti</strong></span> <span class='ocrx_word' id='word_1_133' title='bbox 757 2068 854 2126; x_wconf 89' lang='lat' dir='ltr'><strong>velint</strong></span> <span class='ocrx_word' id='word_1_134' title='bbox 869 2067 928 2138; x_wconf 90' lang='lat' dir='ltr'><strong>vel,</strong></span> <span class='ocrx_word' id='word_1_135' title='bbox 942 2071 967 2125; x_wconf 93' lang='lat' dir='ltr'><strong>si</strong></span> <span class='ocrx_word' id='word_1_136' title='bbox 982 2087 1051 2126; x_wconf 90' lang='lat' dir='ltr'><strong>suas</strong></span> 
     </span>
    </p>

    <p class='ocr_par' dir='ltr' id='par_1_4' title="bbox 99 2154 1051 2789">
     <span class='ocr_line' id='line_1_19' title="bbox 99 2154 1051 2248; baseline 0.004 -18"><span class='ocrx_word' id='word_1_137' title='bbox 99 2181 132 2230; x_wconf 93' lang='lat' dir='ltr'><strong>ll</strong></span> <span class='ocrx_word' id='word_1_138' title='bbox 159 2174 285 2245; x_wconf 83' lang='lat' dir='ltr'><strong>liabent,</strong></span> <span class='ocrx_word' id='word_1_139' title='bbox 314 2175 380 2232; x_wconf 92' lang='lat' dir='ltr'><strong>illas</strong></span> <span class='ocrx_word' id='word_1_140' title='bbox 409 2194 471 2232; x_wconf 93' lang='lat' dir='ltr'><strong>non</strong></span> <span class='ocrx_word' id='word_1_141' title='bbox 498 2154 609 2248; x_wconf 82' lang='lat' dir='ltr'><strong>magno</strong></span> <span class='ocrx_word' id='word_1_142' title='bbox 637 2196 730 2248; x_wconf 89' lang='lat' dir='ltr'><strong>opere</strong></span> <span class='ocrx_word' id='word_1_143' title='bbox 760 2175 944 2235; x_wconf 85' lang='lat' dir='ltr'><strong>desiderent.</strong></span> <span class='ocrx_word' id='word_1_144' title='bbox 989 2175 1051 2247; x_wconf 85' lang='lat' dir='ltr'><strong>Qui</strong></span> 
     </span>
     <span class='ocr_line' id='line_1_20' title="bbox 157 2281 1050 2355; baseline 0.004 -17"><span class='ocrx_word' id='word_1_145' title='bbox 157 2289 260 2339; x_wconf 85' lang='lat' dir='ltr'><strong>autem</strong></span> <span class='ocrx_word' id='word_1_146' title='bbox 274 2281 333 2339; x_wconf 86' lang='lat' dir='ltr'><strong>alia</strong></span> <span class='ocrx_word' id='word_1_147' title='bbox 346 2282 465 2341; x_wconf 90' lang='lat' dir='ltr'><strong>malunt</strong></span> <span class='ocrx_word' id='word_1_148' title='bbox 482 2285 571 2341; x_wconf 88' lang='lat' dir='ltr'><strong>scribi</strong></span> <span class='ocrx_word' id='word_1_149' title='bbox 590 2305 608 2341; x_wconf 89' lang='lat' dir='ltr'><strong>a</strong></span> <span class='ocrx_word' id='word_1_150' title='bbox 627 2285 723 2355; x_wconf 93' lang='lat' dir='ltr'><strong>nobis,</strong></span> <span class='ocrx_word' id='word_1_151' title='bbox 738 2289 827 2355; x_wconf 92' lang='lat' dir='ltr'><strong>aequi</strong></span> <span class='ocrx_word' id='word_1_152' title='bbox 842 2305 908 2343; x_wconf 90' lang='lat' dir='ltr'><strong>esse</strong></span> <span class='ocrx_word' id='word_1_153' title='bbox 923 2284 1050 2355; x_wconf 91' lang='lat' dir='ltr'><strong>debent,</strong></span> 
     </span>
     <span class='ocr_line' id='line_1_21' title="bbox 157 2389 1050 2464; baseline 0.004 -17"><span class='ocrx_word' id='word_1_154' title='bbox 157 2389 238 2461; x_wconf 92' lang='lat' dir='ltr'><strong>quod</strong></span> <span class='ocrx_word' id='word_1_155' title='bbox 262 2398 294 2448; x_wconf 93' lang='lat' dir='ltr'><strong>et</strong></span> <span class='ocrx_word' id='word_1_156' title='bbox 317 2395 428 2463; x_wconf 82' lang='lat' dir='ltr'><strong>scripta</strong></span> <span class='ocrx_word' id='word_1_157' title='bbox 452 2392 549 2451; x_wconf 89' lang='lat' dir='ltr'><strong>multa</strong></span> <span class='ocrx_word' id='word_1_158' title='bbox 571 2401 653 2464; x_wconf 91' lang='lat' dir='ltr'><strong>sunt,</strong></span> <span class='ocrx_word' id='word_1_159' title='bbox 670 2397 712 2450; x_wconf 89' lang='lat' dir='ltr'><strong>sic</strong></span> <span class='ocrx_word' id='word_1_160' title='bbox 734 2400 769 2450; x_wconf 90' lang='lat' dir='ltr'><strong>ut</strong></span> <span class='ocrx_word' id='word_1_161' title='bbox 789 2393 876 2464; x_wconf 93' lang='lat' dir='ltr'><strong>plura</strong></span> <span class='ocrx_word' id='word_1_162' title='bbox 897 2397 1050 2452; x_wconf 87' lang='lat' dir='ltr'><strong>neminie</strong></span> 
     </span>
     <span class='ocr_line' id='line_1_22' title="bbox 157 2500 1051 2573; baseline 0.006 -18"><span class='ocrx_word' id='word_1_163' title='bbox 157 2503 277 2570; x_wconf 90' lang='lat' dir='ltr'><strong>nostris,</strong></span> <span class='ocrx_word' id='word_1_164' title='bbox 291 2507 324 2557; x_wconf 96' lang='lat' dir='ltr'><strong>et</strong></span> <span class='ocrx_word' id='word_1_165' title='bbox 338 2501 508 2558; x_wconf 92' lang='lat' dir='ltr'><strong>scribentur</strong></span> <span class='ocrx_word' id='word_1_166' title='bbox 523 2501 649 2560; x_wconf 83' lang='lat' dir='ltr'><strong>sortasse</strong></span> <span class='ocrx_word' id='word_1_167' title='bbox 666 2500 755 2572; x_wconf 92' lang='lat' dir='ltr'><strong>plura</strong></span> <span class='ocrx_word' id='word_1_168' title='bbox 772 2505 796 2558; x_wconf 93' lang='lat' dir='ltr'><strong>si</strong></span> <span class='ocrx_word' id='word_1_169' title='bbox 812 2505 873 2558; x_wconf 84' lang='lat' dir='ltr'><strong>vita</strong></span> <span class='ocrx_word' id='word_1_170' title='bbox 890 2509 1051 2573; x_wconf 84' lang='lat' dir='ltr'><strong>suppetet3</strong></span> 
     </span>
     <span class='ocr_line' id='line_1_23' title="bbox 158 2609 1051 2682; baseline 0.003 -18"><span class='ocrx_word' id='word_1_171' title='bbox 158 2613 190 2664; x_wconf 86' lang='lat' dir='ltr'><strong>et</strong></span> <span class='ocrx_word' id='word_1_172' title='bbox 211 2615 314 2665; x_wconf 86' lang='lat' dir='ltr'><strong>tamen</strong></span> <span class='ocrx_word' id='word_1_173' title='bbox 338 2612 390 2679; x_wconf 94' lang='lat' dir='ltr'><strong>qui</strong></span> <span class='ocrx_word' id='word_1_174' title='bbox 416 2609 581 2680; x_wconf 84' lang='lat' dir='ltr'><strong>diligenter</strong></span> <span class='ocrx_word' id='word_1_175' title='bbox 602 2609 677 2667; x_wconf 92' lang='lat' dir='ltr'><strong>haec</strong></span> <span class='ocrx_word' id='word_1_176' title='bbox 699 2629 777 2681; x_wconf 91' lang='lat' dir='ltr'><strong>quae</strong></span> <span class='ocrx_word' id='word_1_177' title='bbox 798 2609 838 2667; x_wconf 90' lang='lat' dir='ltr'><strong>de</strong></span> <span class='ocrx_word' id='word_1_178' title='bbox 860 2609 1051 2682; x_wconf 91' lang='lat' dir='ltr'><strong>philosophia</strong></span> 
     </span>
     <span class='ocr_line' id='line_1_24' title="bbox 156 2715 1051 2789; baseline 0.006 -18"><span class='ocrx_word' id='word_1_179' title='bbox 156 2715 266 2773; x_wconf 89' lang='lat' dir='ltr'><strong>litteris</strong></span> <span class='ocrx_word' id='word_1_180' title='bbox 286 2716 464 2775; x_wconf 89' lang='lat' dir='ltr'><strong>mandamus</strong></span> <span class='ocrx_word' id='word_1_181' title='bbox 485 2717 589 2789; x_wconf 82' lang='lat' dir='ltr'><strong>legere</strong></span> <span class='ocrx_word' id='word_1_182' title='bbox 608 2722 784 2788; x_wconf 89' lang='lat' dir='ltr'><strong>assueverit,</strong></span> <span class='ocrx_word' id='word_1_183' title='bbox 802 2715 948 2776; x_wconf 90' lang='lat' dir='ltr'><strong>iudicabit</strong></span> <span class='ocrx_word' id='word_1_184' title='bbox 966 2719 1051 2776; x_wconf 90' lang='lat' dir='ltr'><strong>nulla</strong></span> 
     </span>
    </p>
   </div>
   <div class='ocr_carea' id='block_1_3' title="bbox 156 2802 1050 2921">
    <p class='ocr_par' dir='ltr' id='par_1_5' title="bbox 156 2802 1050 2921">
     <span class='ocr_line' id='line_1_25' title="bbox 156 2802 1050 2921; baseline 0.007 -42"><span class='ocrx_word' id='word_1_185' title='bbox 156 2823 195 2880; x_wconf 83' lang='lat' dir='ltr'><strong>ad</strong></span> <span class='ocrx_word' id='word_1_186' title='bbox 219 2802 386 2896; x_wconf 83' lang='lat' dir='ltr'><strong>legendum</strong></span> <span class='ocrx_word' id='word_1_187' title='bbox 411 2826 457 2883; x_wconf 92' lang='lat' dir='ltr'><strong>his</strong></span> <span class='ocrx_word' id='word_1_188' title='bbox 482 2846 548 2884; x_wconf 92' lang='lat' dir='ltr'><strong>esse</strong></span> <span class='ocrx_word' id='word_1_189' title='bbox 573 2830 698 2901; x_wconf 75' lang='lat' dir='ltr'><strong>potiora.</strong></span> <span class='ocrx_word' id='word_1_190' title='bbox 731 2825 826 2921; x_wconf 86' lang='lat' dir='ltr'><strong>·Quid</strong></span> <span class='ocrx_word' id='word_1_191' title='bbox 848 2833 896 2884; x_wconf 91' lang='lat' dir='ltr'><strong>est</strong></span> <span class='ocrx_word' id='word_1_192' title='bbox 916 2831 998 2884; x_wconf 90' lang='lat' dir='ltr'><strong>enim</strong></span> <span class='ocrx_word' id='word_1_193' title='bbox 1018 2833 1050 2886; x_wconf 88' lang='lat' dir='ltr'><strong>in</strong></span> 
     </span>
    </p>
   </div>
   <div class='ocr_carea' id='block_1_4' title="bbox 194 2968 1050 3036">
    <p class='ocr_par' dir='ltr' id='par_1_6' title="bbox 194 2968 1050 3036">
     <span class='ocr_line' id='line_1_26' title="bbox 194 2968 1050 3036; baseline 0.009 -20"><span class='ocrx_word' id='word_1_194' title='bbox 194 2968 199 2995; x_wconf 89' lang='lat'>¹</span> <span class='ocrx_word' id='word_1_195' title='bbox 211 2970 310 3018; x_wconf 82' lang='lat' dir='ltr'><strong>mirari</strong></span> <span class='ocrx_word' id='word_1_196' title='bbox 316 2972 385 3020; x_wconf 83' lang='lat' dir='ltr'><strong>satis</strong></span> <span class='ocrx_word' id='word_1_197' title='bbox 393 2988 446 3020; x_wconf 80' lang='lat' dir='ltr'><strong>non</strong></span> <span class='ocrx_word' id='word_1_198' title='bbox 456 2969 530 3021; x_wconf 91' lang='lat' dir='ltr'><strong>Mdv.</strong></span> <span class='ocrx_word' id='word_1_199' title='bbox 543 2970 622 3036; x_wconf 81' lang='lat' dir='ltr'><strong>(satis</strong></span> <span class='ocrx_word' id='word_1_200' title='bbox 630 2972 731 3021; x_wconf 81' lang='lat' dir='ltr'><strong>mirari</strong></span> <span class='ocrx_word' id='word_1_201' title='bbox 740 2989 794 3021; x_wconf 80' lang='lat' dir='ltr'><strong>non</strong></span> <span class='ocrx_word' id='word_1_202' title='bbox 806 2972 878 3036; x_wconf 82' lang='lat' dir='ltr'><strong>Or.);</strong></span> <span class='ocrx_word' id='word_1_203' title='bbox 890 2973 990 3022; x_wconf 83' lang='lat' dir='ltr'><strong>mirari</strong></span> <span class='ocrx_word' id='word_1_204' title='bbox 997 2991 1050 3024; x_wconf 81' lang='lat' dir='ltr'><strong>non</strong></span> 
     </span>
    </p>
   </div>
   <div class='ocr_carea' id='block_1_5' title="bbox 163 3032 600 3163">
    <p class='ocr_par' dir='ltr' id='par_1_7' title="bbox 163 3032 600 3163">
     <span class='ocr_line' id='line_1_27' title="bbox 163 3032 600 3163; baseline 0.007 -14"><span class='ocrx_word' id='word_1_205' title='bbox 163 3032 338 3163; x_wconf 66' lang='lat' dir='ltr'><strong>M²qurloniam</strong></span> <span class='ocrx_word' id='word_1_206' title='bbox 351 3101 436 3160; x_wconf 66' lang='lat' dir='ltr'><strong>Mdv„</strong></span> <span class='ocrx_word' id='word_1_207' title='bbox 450 3118 510 3150; x_wconf 83' lang='lat' dir='ltr'><strong>cum</strong></span> <span class='ocrx_word' id='word_1_208' title='bbox 522 3102 600 3152; x_wconf 89' lang='lat' dir='ltr'><strong>MSS.</strong></span> 
     </span>
    </p>
   </div>
   <div class='ocr_carea' id='block_1_6' title="bbox 140 3185 279 3265">
    <p class='ocr_par' dir='ltr' id='par_1_8' title="bbox 140 3185 279 3265">
     <span class='ocr_line' id='line_1_28' title="bbox 140 3185 279 3265; baseline 0.014 -32"><span class='ocrx_word' id='word_1_209' title='bbox 140 3185 279 3265; x_wconf 8' lang='lat'><strong>¹12</strong></span> 
     </span>
    </p>
   </div>
   <div class='ocr_carea' id='block_1_7' title="bbox 0 0 1161 3682">
    <p class='ocr_par' dir='ltr' id='par_1_9' title="bbox 0 0 1161 3682">
     <span class='ocr_line' id='line_1_29' title="bbox 0 0 1161 3682; baseline 0 0"><span class='ocrx_word' id='word_1_210' title='bbox 0 0 1161 3682; x_wconf 95' lang='lat' dir='ltr'><strong> </strong></span> 
     </span>
    </p>
   </div>
  </div>
 </body>
</html>
