2310 3682
417 225 568 285 CICERO
591 227 648 284 DE
671 226 839 286 FINIBUS

182 352 316 420 inquam,
334 335 499 420 “pertinax
514 369 576 406 non
591 369 643 406 ero
657 349 785 420 tibique,
802 353 827 406 si
841 349 918 406 mihi
931 350 1074 421 probabis

100 456 139 515 29
182 470 218 509 ea
226 470 304 522 quae
316 451 408 522 dices,
417 452 551 509 libenter
559 451 734 509 assentiar.''
758 437 778 464 “
789 451 1073 523 Probabo,'’inquit,

182 539 300 611 “modo
323 557 380 610 ista
403 557 442 610 sis
464 557 619 624 aequitate
642 573 733 624 quam
756 552 899 612 ostendis.
944 553 1005 613 Sed
1028 557 1074 611 uti

181 658 317 711 oratione
328 661 477 726 perpetua
487 653 567 712 malo
581 674 672 726 quam
682 659 870 726 interrogare
881 662 935 712 aut
945 658 1073 713 interro-

180 755 275 826 gari.”
288 740 312 767 '“
322 755 367 813 Ut
380 755 510 827 placet,”
526 759 657 826 inquam.
681 756 760 814 Tum
771 756 873 814 dicere
884 775 1006 814 exorsus
1016 763 1071 814 est.

224 855 277 913 IX.
302 842 464 914 “Primum
485 857 607 928 igitur,”
630 861 740 928 inquit,
762 843 830 914 “sic
851 876 939 927 agam
960 864 996 914 ut
1016 860 1073 928 ipsi

182 962 297 1015 auctori
315 957 403 1016 huius
421 959 599 1030 disciplinae
616 958 733 1031 placet:
755 963 938 1016 constituam
952 958 1025 1029 quid
1041 960 1073 1016 et

111 1112 114 1118 .
182 1058 271 1130 quale
285 1063 325 1118 sit
339 1059 371 1118 id
385 1060 424 1118 de
439 1080 499 1132 quo
513 1064 694 1132 quaerimus,
709 1080 771 1117 non
788 1080 848 1131 quo
865 1064 1003 1131 ignorare
1022 1080 1073 1117 vos

181 1162 319 1233 arbitrer,
331 1161 386 1220 sed
394 1170 430 1221 ut
438 1166 555 1221 ratione
565 1170 598 1221 et
607 1167 654 1219 via
664 1161 810 1234 procedet
819 1166 922 1220 oratic.
946 1160 1073 1234 Quaeri-

181 1282 248 1321 mus
267 1267 361 1334 igitur
377 1263 451 1335 quid
466 1268 506 1321 sit
520 1252 739 1321 extremumet
754 1263 896 1321 ultimum
915 1264 1072 1333 bonorum,

182 1363 264 1434 quod
272 1364 661 1436 omniumphilosophomm
670 1368 823 1422 sententia
832 1364 894 1421 tale
904 1364 999 1422 debet
1008 1383 1073 1422 esse

182 1465 305 1524 utadid
314 1459 414 1523 omnia
423 1466 529 1524 referri
538 1472 687 1537 oporteat,
696 1469 794 1537 ipsum
803 1472 907 1523 autem
915 1485 1072 1536 nusquam.

186 1568 252 1625 Hoc
281 1567 428 1640 Epicurus
456 1572 487 1625 in
513 1567 670 1638 voluptate
695 1571 791 1639 ponit,
816 1567 898 1638 quod
923 1587 1074 1625 summum

183 1669 296 1726 bonum
307 1689 372 1728 esse
384 1668 449 1727 vult
460 1689 672 1740 summumque
684 1668 798 1729 malum
809 1668 960 1736 dolorem3
981 1668 1074 1740 idque

122 1775 160 1827 30
183 1774 317 1828 instituit
327 1771 436 1829 docere
448 1775 505 1828 sic:
528 1770 630 1829 Omne
641 1770 752 1828 animal
763 1770 852 1828 simul
863 1777 956 1841 atque
967 1778 1075 1829 natum

183 1876 222 1930 sit
245 1872 434 1944 voluptatem
456 1880 602 1944 appetere
626 1892 722 1944 caque
743 1872 877 1943 gaudere
900 1880 936 1930 ut
956 1893 1074 1930 summo

182 1974 272 2044 bono,
284 1974 420 2032 dolorem
435 1979 588 2046 aspernari
603 1981 638 2032 ut
649 1993 800 2032 summum
811 1973 924 2031 malum
936 1981 969 2032 et
979 1994 1074 2045 quan-

184 2082 249 2133 tum
263 2080 359 2148 possit
371 2096 389 2132 a
404 2095 436 2134 se
452 2076 616 2148 repellere3
638 2076 730 2147 idque
750 2074 850 2133 facere
869 2075 1006 2133 nondum
1020 2075 1074 2134 de-

182 2185 349 2248 pravatum,
364 2182 429 2249 ipsa
443 2185 550 2235 natura
565 2183 740 2249 incorrupte
753 2184 846 2248 atque
861 2181 981 2248 integre
996 2177 1075 2236 iudi·

181 2286 279 2337 cante.
336 2278 444 2349 ltaque
480 2287 574 2349 negat
608 2299 684 2350 opus
719 2298 785 2338 esse
820 2282 937 2336 ratione
972 2297 1074 2350 neque

182 2378 389 2451 disputatione
418 2380 614 2450 quamobrem
642 2380 780 2451 voluptas
816 2380 998 2451 expetenda,
1028 2379 1075 2438 fu·

181 2480 311 2550 giendus
337 2480 423 2538 dolor
447 2485 494 2538 sit.
540 2481 653 2540 Sentiri
677 2471 771 2539 haec¹
790 2488 889 2552 putet,
915 2488 950 2538 ut
974 2481 1074 2540 calere

181 2586 295 2653 ignem,
310 2586 413 2639 nivem
435 2590 500 2640 es'se
522 2582 631 2653 albam,
649 2581 711 2640 mel
733 2581 832 2653 dulce,
848 2601 976 2654 quorum
996 2583 1075 2641 nihil

181 2690 322 2754 oportere
351 2687 507 2753 exquisitis
543 2685 709 2743 rationibus
737 2683 924 2754 confirmare,
952 2691 1075 2743 tantum

181 2787 254 2841 satis
269 2803 334 2841 esse
349 2783 521 2842 admonere.
545 2773 712 2854 (Interesse
727 2789 810 2842 enim
821 2789 902 2842 inter
912 2805 1074 2856 argumen-

184 2891 248 2941 tum
269 2884 554 2957 conclusionemque
576 2890 699 2944 rationis
725 2894 758 2944 et
783 2890 864 2944 inter
888 2887 1075 2946 mediocrem

181 2985 472 3046 animadversionem
481 2996 573 3059 atque
582 2987 836 3047 admonitionem:
851 2988 946 3046 altera
955 2989 1075 3049 occulte

349 3113 476 3172 1ΙιαεεΑ;
488 3113 536 3164 hoc
547 3114 620 3166 Mdv.
634 3115 699 3164 with
711 3115 790 3165 other
801 3113 879 3165 MSS.

266 3195 303 3246 32
