2310 3682
435 425 477 481 M.
494 424 622 483 roim
638 423 859 483 crcauoms

622 533 679 591 nn
794 587 800 597 .

301 639 469 699 numus
484 641 695 700 nouorum
712 642 764 699 ar
779 640 997 699 natorum

412 820 414 824 ,
483 748 608 806 sinan
629 748 819 820 QUINTUS

165 933 177 982 1
247 926 285 983 1..
301 927 376 984 Cum
390 929 542 1014 audissem
556 929 753 999 Antiochum,
770 928 875 999 Brute,
888 936 924 985 ut
938 917 1094 998 solebam,l

204 1043 273 1080 cum
296 1024 337 1081 M.
364 1024 471 1082 Pisone
492 1030 524 1081 in
546 1046 582 1083 eo
603 1029 761 1096 gymnasio
783 1025 863 1095 quod
887 1024 1096 1081 Ptolemaeum

205 1128 338 1190 vocatur,
353 1141 474 1192 unaque
485 1123 642 1179 nobiscum
657 1120 694 1192 Q.
709 1121 803 1178 frater
817 1129 850 1178 et
864 1121 897 1178 T.
914 1120 1096 1191 Pomponius

135 1231 138 1237 ·
206 1216 377 1287 Luciusque
393 1217 508 1287 Ciccr0,
517 1217 612 1274 frater
625 1226 730 1275 noster
743 1220 924 1286 cognatione
939 1216 1096 1286 patrueliS,

205 1332 307 1369 amore
321 1332 494 1384 germanus,
509 1317 720 1371 constituimus
739 1317 821 1370 inter
834 1332 890 1370 nos
907 1319 942 1370 ut
961 1312 1096 1369 ambula-

204 1413 320 1464 tionem
342 1409 610 1478 postmeridianam
631 1407 847 1466 conficeremus
868 1412 900 1464 in
920 1407 1097 1478 Academia,

205 1507 335 1559 maxime
361 1503 442 1574 quod
465 1509 489 1562 is
512 1504 597 1563 locus
619 1504 657 1560 ab
677 1508 760 1561 omni
785 1504 875 1561 turba
897 1502 929 1560 id
950 1507 1096 1574 temporis

205 1618 316 1655 vacuus
331 1607 419 1657 esset.
463 1599 571 1671 ltaque
586 1601 624 1658 ad
639 1608 761 1672 tempus
771 1600 810 1656 ad
827 1599 967 1657 Pisonem
981 1618 1094 1657 omues.

208 1693 285 1751 Inde
299 1700 381 1752 vario
396 1715 535 1754 sermone
550 1696 669 1754 serilla
683 1717 701 1752 a
716 1695 829 1767 Dipylo
849 1695 947 1752 stadia
964 1693 1096 1752 confeci·

206 1809 281 1846 mus
314 1790 389 1847 Cum
403 1800 507 1850 autem
521 1797 707 1850 venissemus
721 1796 753 1848 in
764 1790 948 1848 Academiae
960 1810 1023 1848 non
1032 1795 1096 1849 sine

207 1906 296 1944 causa
315 1887 475 1945 nobilitata
490 1893 596 1959 spatia,
611 1887 743 1944 solitudo
758 1895 824 1944 erat
838 1906 874 1944 ea
889 1906 979 1957 quam
994 1887 1096 1944 volue-

168 1987 185 2037 2
207 2003 315 2040 ramus.
360 1983 438 2040 Turn
461 1984 543 2041 Piso:
566 1970 748 2041 “Naturane
770 1983 857 2040 nobis
878 1982 965 2051 hoc,”
987 1986 1096 2054 inquit,

209 2065 340 2135 “datum
362 2079 460 2135 dicam
481 2100 521 2135 an
543 2099 643 2136 errore
666 2079 807 2150 quodam,
822 2081 867 2149 ut,
882 2098 952 2135 cum
975 2098 1012 2135 ea
1032 2079 1097 2136 loca

208 2174 364 2230 videamus
384 2178 415 2230 in
431 2175 539 2244 quibus
558 2179 704 2232 memoria
718 2175 827 2244 dignos
847 2179 925 2231 viros
944 2177 1097 2246 acceperi-

208 2289 275 2326 mus
289 2269 419 2327 multum
435 2290 500 2328 esse
514 2279 659 2342 versatos,
669 2275 765 2342 magis
779 2289 954 2328 moveamur
968 2289 1060 2341 quam
1074 2272 1097 2328 si

208 2366 330 2436 quando
345 2387 449 2424 eorum
463 2370 596 2439 ipsorum
610 2375 664 2424 aut
678 2367 759 2424 sacta
777 2367 933 2423 audiamus
953 2374 1007 2423 aut
1027 2369 1097 2424 scri·

208 2469 296 2532 ptum
315 2461 437 2533 aliquod
461 2463 616 2534 legamus?
659 2463 753 2520 Velut
778 2482 836 2532 ego
861 2481 942 2518 nunc
965 2481 1095 2520 moveor.

209 2558 303 2615 Venit
318 2563 400 2615 enim
414 2558 489 2615 mihi
508 2559 642 2616 Platonis
657 2563 689 2614 in
709 2565 857 2628 mentem,
871 2577 963 2628 quem
980 2561 1097 2629 accepi·

209 2674 276 2711 mus
293 2659 424 2725 primum
442 2654 492 2711 hic
510 2655 664 2726 disputare
682 2654 820 2722 solitum3
843 2657 926 2711 cuius
945 2657 1040 2711 etiam
1055 2652 1098 2710 illi

208 2754 370 2821 propinqui
384 2750 497 2808 hortuli
511 2772 574 2809 non
588 2756 763 2809 memoriam
775 2750 871 2807 solum
882 2749 957 2806 mihi
967 2749 1098 2808 afferunt

209 2845 264 2902 sed
282 2850 381 2917 ipsum
400 2846 544 2904 videntur
562 2851 594 2903 in
608 2853 773 2917 conspectu
792 2865 861 2902 meo
880 2864 1003 2916 ponere.
1037 2845 1097 2902 Hic

210 2941 405 3014 Speusippus,
416 2942 467 2999 hic
477 2943 675 3012 Xenocrates,
684 2941 734 2998 hic
745 2946 809 3000 eius
823 2940 944 2999 auditor
959 2940 1097 3008 Polemo;

436 3079 565 3127 ¹solebam
578 3077 651 3126 Mdv.
661 3095 668 3135 3
685 3077 784 3126 solebat
795 3050 873 3127 MS'S.

292 3162 352 3222 390
