2310 3682
395 249 545 307 CICERO
569 249 626 306 DE
651 246 818 306 FINlBUS

158 370 233 428 nihil
247 353 421 429 desiderare
436 391 559 428 manum
574 391 642 428 cum
658 374 701 427 ita
716 377 796 427 esset
810 368 928 438 affecta,
943 372 1051 425 secun-

158 466 231 525 dum
259 488 321 525 non
349 476 443 537 recte,
473 472 498 524 si
526 466 665 539 voluptas
694 473 776 524 esset
805 466 928 534 bonum,
958 461 1051 521 fuisse

158 562 404 621 desideraturum.
451 562 568 620 Idcirco
588 567 671 620 enim
690 582 752 619 non
772 560 961 619 desideraret
980 562 1052 631 quia

158 659 239 729 quod
254 659 358 717 dolore
373 667 456 716 caret
471 659 502 716 id
517 663 549 716 in
564 658 721 730 voluptate
738 665 793 716 est.

96 761 135 810 40
198 754 270 811 Xll.
295 741 503 812 “Extremum
514 762 618 812 autem
629 773 695 812 esse
704 755 851 811 bonorum
861 751 1051 823 voluptatem

158 870 196 908 ex
216 851 273 908 hoc
296 850 440 908 facillime
457 854 588 922 perspici
606 858 725 923 potest:
747 849 974 907 Constituamus
996 845 1051 904 ali-

157 966 249 1017 quem
268 950 396 1017 magnis‚
410 946 524 1017 multis,
544 951 701 1019 perpetuis
721 945 876 1003 fruentem
897 951 931 1001 et
948 947 1051 1000 animo

157 1050 190 1100 et
204 1062 328 1115 corpore
339 1042 555 1114 voluptatibuS,
567 1042 652 1100 nullo
667 1042 771 1100 dolore
787 1061 845 1098 nec
860 1039 1050 1110 impediente

157 1158 215 1196 nec
226 1138 442 1210 impendente3
463 1159 554 1210 quem
566 1138 692 1196 tandem
703 1137 760 1194 hoc
772 1144 853 1194 statu
862 1134 1051 1208 praestabili·

158 1254 241 1291 orem
256 1242 309 1292 aut
326 1239 422 1305 magis
440 1235 647 1307 expetendum
666 1237 814 1306 possimus
834 1232 955 1290 dicere?
999 1231 1051 1288 ln-

157 1350 223 1388 esse
247 1335 329 1388 enim
348 1350 474 1389 necesse
494 1335 593 1389 estin
617 1350 653 1388 eo
676 1334 728 1401 qni
751 1334 795 1386 ita
814 1333 853 1386 sit
872 1327 998 1386 affectus
1018 1334 1051 1385 et

156 1427 333 1484 firmitatem
347 1431 440 1484 animi
454 1447 512 1485 nec
532 1434 662 1485 mortem
676 1447 734 1484 nec
749 1425 885 1484 dolorem
900 1427 1050 1494 timentiS,

156 1522 238 1593 quod
253 1543 334 1580 mors
348 1543 439 1581 sensu
454 1531 565 1594 careat,
576 1523 661 1580 dolor
675 1527 707 1579 in
722 1522 948 1594 longinquitate
963 1519 1048 1590 levis,

156 1623 188 1676 in
202 1622 353 1689 gravitate
369 1620 467 1676 brevis
482 1618 578 1676 soleat
593 1638 668 1688 esse,
680 1626 716 1675 ut
727 1624 791 1675 eius
805 1615 1051 1688 magnitudinem

95 1721 129 1771 41
157 1713 305 1784 celeritas,
321 1714 555 1772 diuturnitatem
569 1713 710 1771 allevatio
724 1713 904 1771 consoletur.
948 1712 997 1769 Ad
1014 1732 1051 1770 ea

157 1831 230 1872 cum
245 1810 364 1868 accedit
384 1817 419 1867 ut
438 1829 538 1880 neque
558 1809 696 1867 divinum
714 1829 828 1867 numen
848 1809 970 1866 horreat
991 1828 1050 1866 nec

155 1911 336 1978 praeteritas
365 1906 538 1978 voluptates
567 1905 688 1963 effluere
717 1908 849 1976 patiatur
885 1924 1048 1976 earumque

156 2003 275 2060 assidua
303 2001 513 2060 recordatione
542 2000 685 2070 laetetur,
711 2001 784 2072 qnid
810 2008 857 2057 est
882 2000 963 2071 qnod
989 2000 1049 2058 huc

155 2102 259 2170 possit,
275 2118 336 2169 quo
350 2097 459 2155 melius
474 2085 537 2167 sit,1
551 2096 716 2154 accedere?
753 2097 861 2156 Statue
873 2103 979 2153 contra
993 2096 1048 2154 ali-

156 2215 247 2266 quem
267 2194 442 2251 confectum
461 2197 556 2250 tantis
575 2196 668 2248 animi
686 2196 877 2264 corporisque
895 2192 1048 2252 doloribus

155 2294 265 2361 quanti
279 2293 311 2345 in
320 2289 476 2345 hominem
491 2290 614 2344 maximi
630 2286 738 2344 cadere
746 2295 883 2359 possunt,
898 2287 982 2344 nulla
993 2307 1047 2360 spe

155 2389 309 2457 proposita
337 2383 402 2440 fore
437 2382 533 2439 levius
568 2381 740 2452 aliquando,
776 2382 860 2439 nulla
889 2391 1049 2454 praeterea

155 2499 255 2551 neque
276 2482 431 2552 praesenti
452 2497 510 2534 nec
532 2484 709 2548 exspectata
730 2477 902 2548 voluptate3
921 2480 995 2549 quid
1010 2501 1048 2538 eo

154 2579 292 2632 miserius
301 2575 361 2631 dici
370 2580 423 2629 aut
431 2573 505 2643 fingi
519 2573 640 2643 potest?
684 2571 775 2643 Quod
785 2578 810 2630 si
822 2578 883 2630 vita
894 2574 1047 2634 doloribus

155 2669 269 2728 referta
297 2672 427 2725 maxime
462 2667 609 2738 fugienda
637 2674 694 2738 est,
724 2688 872 2726 summum
909 2669 1048 2741 profecto

154 2764 267 2822 malum
282 2771 329 2821 est
338 2767 439 2820 vivere
454 2783 523 2821 cum
535 2764 654 2831 dolore3
677 2768 725 2820 cui
736 2769 908 2821 sententiae
920 2785 1047 2824 consen-

153 2869 279 2919 taneum
303 2866 351 2916 est
373 2859 515 2917 ultimum
539 2879 606 2917 esse
630 2860 777 2917 bonorum
797 2879 865 2917 cum
889 2860 1046 2933 voluptate

154 2959 263 3012 vivere.
309 2953 375 3011 Nec
390 2957 472 3010 enim
487 2953 581 3013 habet
596 2961 699 3011 nostra
712 2974 799 3012 mens
814 2954 979 3026 quidquam
993 2958 1046 3015 ubi

190 3131 255 3196 'quo
267 3132 362 3182 molius
372 3132 410 3181 sit
422 3132 534 3191 Miiller5
552 3133 624 3197 quod
633 3133 729 3181 melius
738 3132 777 3182 sit
785 3130 858 3181 Mdv.
871 3131 935 3181 with
947 3133 1025 3186 MSS.

237 3215 276 3265 44
