2310 3682
452 263 602 322 CICERO
625 263 682 322 DE
704 263 872 323 FINIBUS

217 388 249 440 in
263 388 401 442 maximis
416 385 507 442 lucris
521 384 646 455 paulum
661 384 776 456 aliquid
790 385 894 443 damni
911 393 1105 446 contraxerit.

217 479 268 536 An
296 480 354 537 hoc
382 498 609 552 usquequaque,
634 480 725 541 aliter
752 485 785 538 in
812 482 893 538 vita?
924 488 957 539 et
981 502 1045 540 non
1070 503 1118 546 eu¹

215 579 346 633 maxima
361 584 447 647 parte
464 576 502 647 de
517 583 583 633 tota
597 576 763 634 iudicabis?
785 597 824 633 an
836 577 963 635 dubium
975 585 1023 636 est
1033 583 1107 650 quin

216 676 311 729 virtus
325 677 369 730 ita
382 676 543 729 maximam
558 679 677 744 partem
693 673 832 730 obtineat
846 677 878 730 in
892 673 983 732 rebus
1001 673 1107 732 huma-

215 771 262 825 nis
276 774 311 825 ut
325 767 456 838 reliquas
473 767 599 825 obmat?
642 767 772 825 Audebo
791 771 886 838 igitur
904 776 1010 826 cetera
1029 789 1107 841 quae

216 862 384 922 secundum
398 870 539 921 naturam
553 867 615 920 sint
630 864 710 921 bona
724 863 878 936 appellare
894 885 952 922 nec
966 864 1107 925 fraudare

215 979 269 1017 suo
283 967 388 1017 vetere
403 963 527 1017 nomine
541 962 642 1030 potiu's
657 979 748 1030 quam
761 948 902 1031 aliquodl
921 980 1034 1019 novum
1055 981 1107 1020 ex·

114 1066 116 1071 ’
214 1060 350 1126 quirere;
368 1060 492 1133 yirtutis
507 1062 612 1113 autem
625 1055 860 1126 amplitudinem
871 1061 956 1127 quasi
967 1062 1000 1114 in
1009 1058 1107 1117 altera

154 1155 193 1216 92
215 1150 311 1210 librae
332 1151 420 1209 lance
442 1171 565 1222 ponere.
593 1145 744 1222 'Terram,
759 1151 834 1208 mihi
857 1152 958 1223 crede,
977 1173 1013 1210 ea
1033 1153 1106 1211 lanx

124 1246 131 1261 '
215 1255 247 1304 et
261 1251 355 1305 maria
369 1247 530 1320 deprimet.
575 1248 703 1318 Semper
718 1252 801 1305 enim
816 1267 855 1305 ex
870 1248 1000 1319 eoquod
1011 1254 1106 1307 maxi·

213 1363 277 1401 mas
297 1351 399 1415 partes
419 1348 560 1401 continet
581 1343 788 1415 latissimeque
810 1343 952 1402 funditur
970 1352 1037 1402 tota
1057 1365 1105 1403 res

212 1439 391 1511 appellatur.
437 1438 575 1497 Dicimus
599 1439 732 1510 aliquem
758 1439 854 1496 hilare
880 1444 1001 1509 vivere;
1032 1461 1105 1512 ergo

213 1539 238 1592 si
252 1535 348 1593 semel
366 1539 480 1592 tristior
500 1533 625 1591 effectus
646 1542 693 1592 est
713 1534 809 1591 hilara
827 1539 891 1592 vita
909 1540 1018 1594 amissa
1038 1539 1104 1596 est?

214 1630 257 1687 At
280 1630 338 1688 hoc
362 1634 394 1686 in
419 1650 455 1687 eo
479 1630 521 1688 M.
548 1630 664 1701 Crasso,
687 1648 780 1700 quem
802 1630 898 1688 semel
920 1634 964 1688 ait
986 1635 1019 1688 in
1042 1637 1105 1690 vita
1130 1662 1133 1667 ·

211 1730 311 1784 risisse
320 1725 532 1797 Lucilius,non
541 1729 723 1796 contigit,ut
732 1745 768 1783 ea
776 1745 810 1783 re
818 1730 918 1784 minus
928 1724 1101 1797 ἀγέλαστος,
1145 1796 1147 1805 γ

211 1829 248 1879 ut
261 1820 304 1879 ait
314 1822 407 1893 idem,
420 1830 585 1880 vocaretur.
632 1820 824 1892 Polycratem
835 1821 970 1880 Samium
981 1822 1103 1880 felicem

211 1918 415 1990 appellabant.
467 1917 552 1975 Nihil
577 1917 730 1975 acciderat
755 1921 784 1974 ei
809 1917 891 1988 quod
920 1918 1017 1975 nollet
1044 1922 1102 1975 nisi

211 2014 293 2085 quod
314 2015 440 2072 anulum
461 2034 521 2085 quo
546 2013 758 2086 delectabatur
783 2017 815 2070 in
840 2018 915 2071 mari
940 2014 1100 2071 abiecerat.

212 2109 293 2180 Ergo
311 2110 419 2182 infelix
440 2130 499 2167 una
519 2108 675 2180 molestia}
689 2107 763 2166 felix
783 2128 884 2167 rursus
904 2129 974 2167 cum
993 2113 1018 2167 is
1037 2114 1102 2181 ipse

210 2205 318 2264 anulus
346 2210 378 2262 in
407 2204 599 2277 praecordiis
625 2208 716 2276 piscis
751 2208 895 2262 inventus
931 2207 1000 2264 est?
1044 2205 1101 2263 Ille

210 2305 326 2358 verosi
351 2305 497 2372 insipiens
523 2289 619 2372 (quod
644 2306 741 2370 certe,
762 2303 905 2369 quoniam
929 2289 1100 2370 tyrannus),

209 2417 375 2468 numquam
390 2398 512 2465 beatus;
535 2401 560 2454 si
574 2400 705 2468 sapiens,
720 2415 761 2452 ne
778 2402 845 2453 tum
865 2394 989 2466 quidem
1009 2399 1100 2452 miser

210 2512 280 2550 cum
293 2495 342 2571 ab,
348 2493 464 2552 Oroete
472 2500 620 2573 praetore
636 2491 729 2548 Darei
744 2494 776 2548 in
794 2509 915 2548 crucem
935 2498 1021 2548 actus
1040 2498 1097 2549 est.

210 2574 268 2645 ‘At
281 2587 386 2646 multis
397 2588 483 2646 malis
494 2587 639 2646 affectus'
684 2585 761 2658 Quis
772 2587 885 2657 negat?
902 2586 962 2644 sed
974 2606 1010 2643 ea
1020 2588 1100 2645 mala

208 2687 329 2741 virtutis
343 2683 555 2756 magnitudine
570 2683 784 2742 obruebantur.

243 2773 249 2801 ¹
253 2773 347 2831 potius
381 2791 445 2822 uam
462 2772 575 2837 aliquod
590 2771 748 2831 Lambinus,
763 2772 874 2830 Manen
893 2788 975 2836 quam
993 2773 1104 2837 aliquid

209 2835 342 2902 (aliquam
379 2876 385 2898 ,
398 2839 432 2903 E)
440 2840 532 2903 potius
542 2838 632 2897 MSS„
644 2837 719 2888 Mdv.
731 2839 796 2887 with
808 2839 887 2887 mark
896 2838 928 2887 of
933 2840 1097 2903 corruption,

212 2906 381 2968 suggesting
392 2921 471 2969 reque
482 2904 592 2968 aliquid
597 2905 698 2968 potius.

241 3008 305 3057 aue.
322 3008 502 3071 ‘unsmiling.’

240 3071 322 3122 bThe
334 3079 411 3138 story
423 3074 447 3122 is
458 3071 515 3121 told
526 3071 562 3135 by
575 3068 743 3130 Herodotus,
757 3083 818 3133 340
828 3071 884 3122 fon.

243 3139 305 3189 cie.
319 3155 354 3188 on
366 3141 412 3188 the
424 3136 594 3202 supposition
606 3138 667 3184 ibat
679 3137 712 3184 he
724 3151 783 3185 was
795 3153 813 3185 a
824 3136 900 3186 Wise
913 3136 990 3187 Man.

290 3213 351 3282 496
