2310 3682
451 268 601 326 CICERO
623 268 680 325 DE
702 262 871 327 FINIBUS

203 388 340 459 'quidem
356 389 507 446 Arcesilas
521 396 601 458 tuus,
617 393 676 446 etsi
690 389 750 447 fuit
766 393 798 445 in
816 388 995 447 disserendo
1015 393 1108 462 perti-

216 489 328 555 nacior,
343 493 448 542 tamen
467 492 573 542 noster
591 484 666 551 suit;
687 492 753 542 erat
772 489 855 542 enim
875 484 1064 554 Polemonis3
1085 489 1108 542 is

216 600 286 638 cum
301 581 423 638 arderet
440 580 592 653 podagrae
610 579 764 638 doloribus
781 585 994 653 visitassetque
1012 580 1107 638 homi·

216 696 288 734 nem
312 676 489 735 Charmides
512 663 699 748 Epicureus1
721 676 931 747 perfamiliaris
955 684 989 735 et
1014 680 1108 735 tristis

217 777 324 844 exiret,
349 759 468 844 ‘Mane,
492 772 623 843 quaeso}
647 776 757 843 inquit,
781 758 962 830 ‘Charmide
984 780 1108 840 noster;

216 867 292 924 nihil
307 867 392 925 illinc
406 867 466 925 huc
480 867 640 938 pervenit’
679 867 826 926 Ostendit
837 868 932 940 pedes
943 876 977 926 et
990 876 1107 940 pectus

216 963 263 1020 Ac
278 971 383 1020 tamen
397 963 448 1020 hic
462 962 570 1020 mallet
584 982 646 1020 non
661 963 772 1021 dolere.

155 1064 193 1124 95
258 1059 389 1116 XXXII.
414 1046 532 1117 “Haec
552 1064 647 1130 igitur
663 1067 713 1119 est
731 1067 835 1118 nostra
853 1065 940 1132 ratio,
956 1081 1035 1133 quae
1053 1061 1108 1120 tibi

216 1155 338 1213 videtur
358 1159 543 1225 inconstans
566 1175 635 1213 cum
658 1163 783 1228 propter
803 1161 924 1214 virtutis
943 1158 1108 1217 caelestem

216 1252 369 1321 quandam
394 1260 427 1309 et
450 1250 584 1308 divinam
608 1259 787 1323 tantamque
811 1258 1041 1327 praestantiam,
1065 1262 1109 1326 ut,

217 1348 270 1405 ubi
290 1352 386 1406 virtus
408 1352 448 1406 sit
467 1367 577 1419 resque
599 1367 728 1418 magnae
749 1356 782 1406 et
802 1368 920 1407 summe
940 1349 1108 1409 laudabiles

217 1447 331 1502 virtute
341 1452 458 1514 gestae,
470 1444 513 1501 ibi
524 1462 590 1502 esse
600 1447 722 1502 miseria
733 1451 766 1501 et
776 1463 920 1502 aerumna
931 1466 993 1503 non
1004 1452 1109 1519 possit,

216 1547 321 1597 tamen
349 1539 434 1597 labor
461 1543 565 1611 possit,
588 1543 683 1610 possit
707 1540 856 1611 molestia,
881 1561 944 1599 non
969 1542 1109 1602 dubitem

217 1635 319 1693 dicere
329 1655 436 1694 omnes
446 1639 600 1707 sapientes
611 1655 731 1707 semper
740 1655 806 1694 esse
815 1637 931 1709 beatos,
940 1638 996 1696 sed
1004 1645 1109 1698 tamen

217 1731 281 1788 fieri
304 1751 392 1802 posse
415 1739 451 1788 ut
473 1737 514 1790 sit
535 1731 612 1789 alius
633 1731 693 1789 alio
715 1732 861 1790 beatior.”
906 1719 1029 1804 “Atqui
1051 1739 1109 1794 iste

217 1826 301 1885 locus
313 1835 370 1897 est,
384 1827 461 1898 Piso,
472 1827 530 1884 tibi
542 1831 635 1884 etiam
645 1834 738 1898 atque
749 1832 843 1885 etiam
855 1828 1107 1902 confirmandus,'¹

216 1927 356 1993 inquam;
377 1909 496 1994 “quem
510 1927 535 1980 si
546 1926 691 1993 tenueris,
700 1942 762 1980 non
773 1923 864 1981 modo
874 1942 977 1982 meum
989 1925 1109 1984 Cicero-

155 2016 195 2082 96
217 2038 289 2075 nem
311 2018 366 2076 sed
389 2023 482 2076 etiam
504 2038 554 2075 me
577 2022 676 2089 ipsum
698 2018 830 2077 abducas
851 2019 986 2077 licebit.''
1030 2021 1109 2080 Tum

218 2112 368 2185 Quintus:
391 2100 500 2170 “Mihi
514 2113 669 2185 quidem,’'
685 2119 795 2186 inquit,
811 2101 912 2173 “satis
929 2114 986 2173 hoc
1001 2117 1109 2174 confir-

218 2217 335 2267 matum
352 2209 483 2280 videtur,
497 2209 655 2281 laetorque
673 2199 758 2267 eam²
777 2210 1009 2284 philosophiam,
1025 2218 1109 2272 cuius

217 2305 309 2356 antea
322 2297 545 2370 supellectilem
559 2298 653 2369 pluris
667 2301 864 2357 aestimabam
881 2319 973 2370 quam
991 2321 1109 2372 posses·

218 2392 318 2446 siones
331 2388 516 2458 reliquarum
530 2376 589 2457 (ita
605 2387 680 2446 mihi
697 2388 781 2447 dives
796 2388 957 2446 videbatur
969 2398 1006 2448 ut
1020 2393 1059 2450 ab
1074 2411 1109 2450 ea

218 2484 325 2548 petere
340 2496 460 2548 possem
477 2477 626 2548 quidquid
644 2481 677 2534 in
695 2477 803 2535 studiis
822 2482 933 2536 nostris
952 2486 1109 2552 concupis·

219 2553 307 2635 sem),
327 2566 406 2623 hanc
425 2571 520 2636 igitur
538 2566 637 2624 laetor
655 2571 749 2624 etiam
766 2571 934 2625 acutiorem
955 2578 1109 2641 repertam

218 2674 309 2724 quam
333 2662 460 2725 ceteras,
486 2655 567 2725 quod
593 2655 716 2727 quidam
745 2659 774 2713 ei
802 2656 909 2714 deesse
933 2656 1108 2717 dicebant.’'

219 2730 319 2800 “Non
344 2763 435 2814 quam
459 2751 595 2801 nostram
620 2744 773 2816 quidem,”
799 2749 901 2817 inquit
925 2744 1109 2818 Pomponius

218 2836 335 2900 iocans;
358 2818 441 2890 “sed
461 2832 636 2890 mehercule
658 2841 800 2904 pergrata
820 2832 896 2890 mihi
916 2824 995 2893 firit³
1014 2842 1110 2895 oratio

218 2929 280 2979 tua.
325 2920 412 2993 Quae
433 2926 515 2979 enim
535 2922 596 2979 dici
616 2921 725 2979 Latine
744 2941 832 2993 posse
852 2941 914 2979 non
933 2924 1110 2997 arbitrabar,

250 3015 417 3082 ¹Epicureus
429 3018 515 3075 Mdv.;
533 3018 669 3081 Epicurus
681 3019 711 3077 B,
724 3019 746 3066 E
757 3037 763 3076 ς
781 3019 897 3082 Epicuri
907 3019 951 3069 inf.
968 3020 1046 3071 MSS.

253 3083 405 3147 ²laetorque
414 3100 474 3132 eam
486 3083 583 3140 Davis,
598 3082 670 3131 Mdv.
677 3101 684 3140 ;
701 3085 787 3132 lactor
795 3085 903 3149 quidem
914 3084 995 3136 MSS.

252 3148 328 3213 isuit
337 3149 457 3198 inserted
468 3148 504 3212 by
517 3146 591 3196 Mdv.

303 3232 362 3283 500
