<?xml version="1.0" encoding="UTF-8"?>
<!DOCTYPE html PUBLIC "-//W3C//DTD XHTML 1.0 Transitional//EN"
    "http://www.w3.org/TR/xhtml1/DTD/xhtml1-transitional.dtd">
<html xmlns="http://www.w3.org/1999/xhtml" xml:lang="en" lang="en">
 <head>
  <title>
</title>
<meta http-equiv="Content-Type" content="text/html;charset=utf-8" />
  <meta name='ocr-system' content='tesseract 3.04.00' />
  <meta name='ocr-capabilities' content='ocr_page ocr_carea ocr_par ocr_line ocrx_word'/>
</head>
<body>
  <div class='ocr_page' id='page_1' title='image "./definibusbonoru02cicegoog_0499.png"; bbox 0 0 2310 3682; ppageno 0'>
   <div class='ocr_carea' id='block_1_1' title="bbox 395 247 816 308">
    <p class='ocr_par' dir='ltr' id='par_1_1' title="bbox 395 247 816 308">
     <span class='ocr_line' id='line_1_1' title="bbox 395 247 816 308; baseline 0 0"><span class='ocrx_word' id='word_1_1' title='bbox 395 249 545 308; x_wconf 89' lang='lat' dir='ltr'>CICERO</span> <span class='ocrx_word' id='word_1_2' title='bbox 567 249 625 308; x_wconf 92' lang='lat' dir='ltr'>DE</span> <span class='ocrx_word' id='word_1_3' title='bbox 647 247 816 308; x_wconf 89' lang='lat' dir='ltr'>FINIBUS</span> 
     </span>
    </p>
   </div>
   <div class='ocr_carea' id='block_1_2' title="bbox 101 369 1054 2612">
    <p class='ocr_par' dir='ltr' id='par_1_2' title="bbox 101 369 1054 2612">
     <span class='ocr_line' id='line_1_2' title="bbox 161 369 1051 442; baseline -0.004 -12"><span class='ocrx_word' id='word_1_4' title='bbox 161 393 228 431; x_wconf 90' lang='lat' dir='ltr'>mus</span> <span class='ocrx_word' id='word_1_5' title='bbox 256 375 474 442; x_wconf 81' lang='lat' dir='ltr'><strong>consequentia</strong></span> <span class='ocrx_word' id='word_1_6' title='bbox 502 374 671 441; x_wconf 84' lang='lat' dir='ltr'>exquirere,</span> <span class='ocrx_word' id='word_1_7' title='bbox 699 369 799 440; x_wconf 83' lang='lat' dir='ltr'>quoad</span> <span class='ocrx_word' id='word_1_8' title='bbox 827 373 866 426; x_wconf 91' lang='lat' dir='ltr'>sit</span> <span class='ocrx_word' id='word_1_9' title='bbox 901 369 933 426; x_wconf 92' lang='lat' dir='ltr'>id</span> <span class='ocrx_word' id='word_1_10' title='bbox 969 369 1051 440; x_wconf 90' lang='lat' dir='ltr'>quod</span> 
     </span>
     <span class='ocr_line' id='line_1_3' title="bbox 162 453 1051 524; baseline -0.006 -10"><span class='ocrx_word' id='word_1_11' title='bbox 162 457 300 514; x_wconf 88' lang='lat' dir='ltr'>volumus</span> <span class='ocrx_word' id='word_1_12' title='bbox 325 454 486 517; x_wconf 79' lang='lat' dir='ltr'>effectum:</span> <span class='ocrx_word' id='word_1_13' title='bbox 518 454 600 524; x_wconf 91' lang='lat' dir='ltr'>quod</span> <span class='ocrx_word' id='word_1_14' title='bbox 625 453 749 524; x_wconf 91' lang='lat' dir='ltr'>quidem</span> <span class='ocrx_word' id='word_1_15' title='bbox 774 453 868 524; x_wconf 89' lang='lat' dir='ltr'>pluris</span> <span class='ocrx_word' id='word_1_16' title='bbox 891 461 939 510; x_wconf 91' lang='lat' dir='ltr'>est</span> <span class='ocrx_word' id='word_1_17' title='bbox 968 453 1051 510; x_wconf 83' lang='lat' dir='ltr'>haud</span> 
     </span>
     <span class='ocr_line' id='line_1_4' title="bbox 162 536 1052 611; baseline -0.003 -15"><span class='ocrx_word' id='word_1_18' title='bbox 162 541 252 611; x_wconf 86' lang='lat' dir='ltr'>paulo</span> <span class='ocrx_word' id='word_1_19' title='bbox 265 543 422 610; x_wconf 85' lang='lat' dir='ltr'>magisque</span> <span class='ocrx_word' id='word_1_20' title='bbox 436 543 535 609; x_wconf 91' lang='lat' dir='ltr'>ipsum</span> <span class='ocrx_word' id='word_1_21' title='bbox 549 545 674 609; x_wconf 89' lang='lat' dir='ltr'>propter</span> <span class='ocrx_word' id='word_1_22' title='bbox 687 557 720 595; x_wconf 92' lang='lat' dir='ltr'>se</span> <span class='ocrx_word' id='word_1_23' title='bbox 738 536 946 608; x_wconf 86' lang='lat' dir='ltr'>expetendum</span> <span class='ocrx_word' id='word_1_24' title='bbox 960 556 1052 607; x_wconf 90' lang='lat' dir='ltr'>quam</span> 
     </span>
     <span class='ocr_line' id='line_1_5' title="bbox 162 620 1050 692; baseline -0.005 -12"><span class='ocrx_word' id='word_1_25' title='bbox 162 631 215 680; x_wconf 91' lang='lat' dir='ltr'>aut</span> <span class='ocrx_word' id='word_1_26' title='bbox 239 642 344 680; x_wconf 92' lang='lat' dir='ltr'>sensus</span> <span class='ocrx_word' id='word_1_27' title='bbox 368 629 421 679; x_wconf 91' lang='lat' dir='ltr'>aut</span> <span class='ocrx_word' id='word_1_28' title='bbox 446 626 578 692; x_wconf 90' lang='lat' dir='ltr'>corporis</span> <span class='ocrx_word' id='word_1_29' title='bbox 603 641 639 678; x_wconf 86' lang='lat' dir='ltr'>ea</span> <span class='ocrx_word' id='word_1_30' title='bbox 667 641 745 692; x_wconf 91' lang='lat' dir='ltr'>quae</span> <span class='ocrx_word' id='word_1_31' title='bbox 774 620 915 690; x_wconf 86' lang='lat' dir='ltr'><strong>diximus,</strong></span> <span class='ocrx_word' id='word_1_32' title='bbox 941 622 1050 690; x_wconf 92' lang='lat' dir='ltr'>quibus</span> 
     </span>
     <span class='ocr_line' id='line_1_6' title="bbox 162 703 1050 776; baseline -0.003 -13"><span class='ocrx_word' id='word_1_33' title='bbox 162 714 284 764; x_wconf 84' lang='lat' dir='ltr'>tantum</span> <span class='ocrx_word' id='word_1_34' title='bbox 306 713 441 776; x_wconf 75' lang='lat' dir='ltr'>praestat</span> <span class='ocrx_word' id='word_1_35' title='bbox 463 709 576 762; x_wconf 90' lang='lat' dir='ltr'>mentis</span> <span class='ocrx_word' id='word_1_36' title='bbox 598 704 752 762; x_wconf 89' lang='lat' dir='ltr'>excellens</span> <span class='ocrx_word' id='word_1_37' title='bbox 775 703 923 775; x_wconf 84' lang='lat' dir='ltr'>perfectio</span> <span class='ocrx_word' id='word_1_38' title='bbox 945 712 982 761; x_wconf 88' lang='lat' dir='ltr'>ut</span> <span class='ocrx_word' id='word_1_39' title='bbox 1002 709 1050 760; x_wconf 90' lang='lat' dir='ltr'>vix</span> 
     </span>
     <span class='ocr_line' id='line_1_7' title="bbox 163 786 1050 860; baseline -0.001 -14"><span class='ocrx_word' id='word_1_40' title='bbox 163 794 289 860; x_wconf 88' lang='lat' dir='ltr'>cogitari</span> <span class='ocrx_word' id='word_1_41' title='bbox 311 793 406 860; x_wconf 85' lang='lat' dir='ltr'>possit</span> <span class='ocrx_word' id='word_1_42' title='bbox 429 788 502 858; x_wconf 92' lang='lat' dir='ltr'>quid</span> <span class='ocrx_word' id='word_1_43' title='bbox 521 792 650 845; x_wconf 88' lang='lat' dir='ltr'>intersit.</span> <span class='ocrx_word' id='word_1_44' title='bbox 696 786 804 859; x_wconf 84' lang='lat' dir='ltr'>Itaque</span> <span class='ocrx_word' id='word_1_45' title='bbox 826 791 923 844; x_wconf 89' lang='lat' dir='ltr'>omnis</span> <span class='ocrx_word' id='word_1_46' title='bbox 944 787 1050 858; x_wconf 91' lang='lat' dir='ltr'>honos,</span> 
     </span>
     <span class='ocr_line' id='line_1_8' title="bbox 162 871 1051 943; baseline -0.002 -13"><span class='ocrx_word' id='word_1_47' title='bbox 162 877 260 930; x_wconf 89' lang='lat' dir='ltr'>omnis</span> <span class='ocrx_word' id='word_1_48' title='bbox 282 873 452 943; x_wconf 89' lang='lat' dir='ltr'>admiratio,</span> <span class='ocrx_word' id='word_1_49' title='bbox 473 891 563 929; x_wconf 90' lang='lat' dir='ltr'>omne</span> <span class='ocrx_word' id='word_1_50' title='bbox 582 871 717 928; x_wconf 91' lang='lat' dir='ltr'>studium</span> <span class='ocrx_word' id='word_1_51' title='bbox 737 871 776 928; x_wconf 82' lang='lat' dir='ltr'>ad</span> <span class='ocrx_word' id='word_1_52' title='bbox 795 875 940 928; x_wconf 85' lang='lat' dir='ltr'>virtutem</span> <span class='ocrx_word' id='word_1_53' title='bbox 961 871 1051 928; x_wconf 84' lang='lat' dir='ltr'>etad</span> 
     </span>
     <span class='ocr_line' id='line_1_9' title="bbox 162 955 1051 1026; baseline 0 -13"><span class='ocrx_word' id='word_1_54' title='bbox 162 976 212 1014; x_wconf 86' lang='lat' dir='ltr'>eas</span> <span class='ocrx_word' id='word_1_55' title='bbox 227 961 362 1013; x_wconf 86' lang='lat' dir='ltr'>actiones</span> <span class='ocrx_word' id='word_1_56' title='bbox 376 975 454 1026; x_wconf 91' lang='lat' dir='ltr'>quae</span> <span class='ocrx_word' id='word_1_57' title='bbox 468 959 573 1012; x_wconf 90' lang='lat' dir='ltr'>virtuti</span> <span class='ocrx_word' id='word_1_58' title='bbox 588 962 811 1012; x_wconf 87' lang='lat' dir='ltr'>consentaneae</span> <span class='ocrx_word' id='word_1_59' title='bbox 826 962 898 1012; x_wconf 89' lang='lat' dir='ltr'>sunt</span> <span class='ocrx_word' id='word_1_60' title='bbox 908 955 1051 1026; x_wconf 86' lang='lat' dir='ltr'>refertur,</span> 
     </span>
     <span class='ocr_line' id='line_1_10' title="bbox 162 1042 1051 1112; baseline -0.003 -14"><span class='ocrx_word' id='word_1_61' title='bbox 162 1059 258 1112; x_wconf 90' lang='lat' dir='ltr'>eaque</span> <span class='ocrx_word' id='word_1_62' title='bbox 278 1044 379 1096; x_wconf 89' lang='lat' dir='ltr'>omnia</span> <span class='ocrx_word' id='word_1_63' title='bbox 398 1059 475 1109; x_wconf 90' lang='lat' dir='ltr'>quae</span> <span class='ocrx_word' id='word_1_64' title='bbox 494 1046 548 1096; x_wconf 89' lang='lat' dir='ltr'>aut</span> <span class='ocrx_word' id='word_1_65' title='bbox 570 1042 613 1096; x_wconf 83' lang='lat' dir='ltr'>ita</span> <span class='ocrx_word' id='word_1_66' title='bbox 635 1043 668 1094; x_wconf 95' lang='lat' dir='ltr'>in</span> <span class='ocrx_word' id='word_1_67' title='bbox 690 1042 798 1095; x_wconf 88' lang='lat' dir='ltr'>animis</span> <span class='ocrx_word' id='word_1_68' title='bbox 826 1046 899 1095; x_wconf 91' lang='lat' dir='ltr'>sunt</span> <span class='ocrx_word' id='word_1_69' title='bbox 925 1046 980 1096; x_wconf 83' lang='lat' dir='ltr'>aut</span> <span class='ocrx_word' id='word_1_70' title='bbox 1008 1043 1051 1095; x_wconf 88' lang='lat' dir='ltr'>ita</span> 
     </span>
     <span class='ocr_line' id='line_1_11' title="bbox 161 1122 831 1195; baseline -0.004 -14"><span class='ocrx_word' id='word_1_71' title='bbox 161 1131 311 1195; x_wconf 87' lang='lat' dir='ltr'>geruntur</span> <span class='ocrx_word' id='word_1_72' title='bbox 324 1143 386 1180; x_wconf 93' lang='lat' dir='ltr'>uno</span> <span class='ocrx_word' id='word_1_73' title='bbox 400 1126 523 1179; x_wconf 92' lang='lat' dir='ltr'>nomine</span> <span class='ocrx_word' id='word_1_74' title='bbox 538 1122 667 1180; x_wconf 91' lang='lat' dir='ltr'>honesta</span> <span class='ocrx_word' id='word_1_75' title='bbox 680 1122 831 1179; x_wconf 89' lang='lat' dir='ltr'>dicuntur.</span> 
     </span>
     <span class='ocr_line' id='line_1_12' title="bbox 204 1193 1050 1278; baseline -0.002 -14"><span class='ocrx_word' id='word_1_76' title='bbox 204 1193 366 1278; x_wconf 83' lang='lat' dir='ltr'>“Quorum</span> <span class='ocrx_word' id='word_1_77' title='bbox 375 1211 510 1263; x_wconf 91' lang='lat' dir='ltr'>omnium</span> <span class='ocrx_word' id='word_1_78' title='bbox 520 1225 597 1276; x_wconf 85' lang='lat' dir='ltr'>quae</span> <span class='ocrx_word' id='word_1_79' title='bbox 606 1210 668 1262; x_wconf 91' lang='lat' dir='ltr'>sint</span> <span class='ocrx_word' id='word_1_80' title='bbox 676 1209 948 1276; x_wconf 86' lang='lat' dir='ltr'>notitiacquaeque</span> <span class='ocrx_word' id='word_1_81' title='bbox 958 1209 1050 1276; x_wconf 90' lang='lat' dir='ltr'>signi-</span> 
     </span>
     <span class='ocr_line' id='line_1_13' title="bbox 162 1280 1052 1359; baseline -0.001 -12"><span class='ocrx_word' id='word_1_82' title='bbox 162 1290 291 1347; x_wconf 85' lang='lat' dir='ltr'>ficentur</span> <span class='ocrx_word' id='word_1_83' title='bbox 311 1280 430 1347; x_wconf 88' lang='lat' dir='ltr'>reruml</span> <span class='ocrx_word' id='word_1_84' title='bbox 451 1289 602 1346; x_wconf 92' lang='lat' dir='ltr'>vocabulis</span> <span class='ocrx_word' id='word_1_85' title='bbox 624 1309 762 1359; x_wconf 91' lang='lat' dir='ltr'>quaeque</span> <span class='ocrx_word' id='word_1_86' title='bbox 784 1293 930 1359; x_wconf 89' lang='lat' dir='ltr'>cuiusque</span> <span class='ocrx_word' id='word_1_87' title='bbox 952 1293 997 1346; x_wconf 90' lang='lat' dir='ltr'>vis</span> <span class='ocrx_word' id='word_1_88' title='bbox 1019 1296 1052 1346; x_wconf 93' lang='lat' dir='ltr'>et</span> 
     </span>
     <span class='ocr_line' id='line_1_14' title="bbox 101 1371 1051 1441; baseline -0.001 -11"><span class='ocrx_word' id='word_1_89' title='bbox 101 1371 135 1430; x_wconf 85' lang='lat'>61</span> <span class='ocrx_word' id='word_1_90' title='bbox 161 1381 270 1431; x_wconf 85' lang='lat' dir='ltr'>natura</span> <span class='ocrx_word' id='word_1_91' title='bbox 284 1377 324 1430; x_wconf 92' lang='lat' dir='ltr'>sit</span> <span class='ocrx_word' id='word_1_92' title='bbox 342 1393 412 1429; x_wconf 90' lang='lat' dir='ltr'>mox</span> <span class='ocrx_word' id='word_1_93' title='bbox 432 1373 620 1441; x_wconf 91' lang='lat' dir='ltr'>videbimus;</span> <span class='ocrx_word' id='word_1_94' title='bbox 652 1372 754 1428; x_wconf 89' lang='lat' dir='ltr'><strong>XXII.</strong></span> <span class='ocrx_word' id='word_1_95' title='bbox 784 1372 841 1429; x_wconf 88' lang='lat' dir='ltr'>hoc</span> <span class='ocrx_word' id='word_1_96' title='bbox 861 1380 965 1429; x_wconf 90' lang='lat' dir='ltr'>autem</span> <span class='ocrx_word' id='word_1_97' title='bbox 984 1373 1051 1429; x_wconf 94' lang='lat' dir='ltr'>loco</span> 
     </span>
     <span class='ocr_line' id='line_1_15' title="bbox 161 1455 1052 1527; baseline -0.001 -13"><span class='ocrx_word' id='word_1_98' title='bbox 161 1465 282 1514; x_wconf 86' lang='lat' dir='ltr'>tantum</span> <span class='ocrx_word' id='word_1_99' title='bbox 296 1457 491 1527; x_wconf 86' lang='lat' dir='ltr'>explicemus,</span> <span class='ocrx_word' id='word_1_100' title='bbox 501 1455 577 1513; x_wconf 91' lang='lat' dir='ltr'>haec</span> <span class='ocrx_word' id='word_1_101' title='bbox 590 1455 720 1513; x_wconf 85' lang='lat' dir='ltr'>honesta</span> <span class='ocrx_word' id='word_1_102' title='bbox 733 1475 810 1526; x_wconf 85' lang='lat' dir='ltr'>quae</span> <span class='ocrx_word' id='word_1_103' title='bbox 825 1456 902 1526; x_wconf 85' lang='lat' dir='ltr'>dico,</span> <span class='ocrx_word' id='word_1_104' title='bbox 917 1464 1052 1527; x_wconf 86' lang='lat' dir='ltr'>praeter-</span> 
     </span>
     <span class='ocr_line' id='line_1_16' title="bbox 161 1538 1051 1623; baseline 0 -26"><span class='ocrx_word' id='word_1_105' title='bbox 161 1560 251 1611; x_wconf 88' lang='lat' dir='ltr'>quam</span> <span class='ocrx_word' id='word_1_106' title='bbox 266 1540 347 1610; x_wconf 95' lang='lat' dir='ltr'>quod</span> <span class='ocrx_word' id='word_1_107' title='bbox 362 1546 483 1597; x_wconf 91' lang='lat' dir='ltr'>nosmet</span> <span class='ocrx_word' id='word_1_108' title='bbox 495 1544 575 1609; x_wconf 91' lang='lat' dir='ltr'>ipsos</span> <span class='ocrx_word' id='word_1_109' title='bbox 589 1538 760 1623; x_wconf 79' lang='lat' dir='ltr'>diligamus,</span> <span class='ocrx_word' id='word_1_110' title='bbox 775 1547 934 1610; x_wconf 90' lang='lat' dir='ltr'>praeterea</span> <span class='ocrx_word' id='word_1_111' title='bbox 944 1547 1051 1611; x_wconf 89' lang='lat' dir='ltr'>suapte</span> 
     </span>
     <span class='ocr_line' id='line_1_17' title="bbox 162 1622 1052 1695; baseline 0 -15"><span class='ocrx_word' id='word_1_112' title='bbox 162 1632 271 1681; x_wconf 85' lang='lat' dir='ltr'>natura</span> <span class='ocrx_word' id='word_1_113' title='bbox 292 1643 347 1695; x_wconf 92' lang='lat' dir='ltr'>per</span> <span class='ocrx_word' id='word_1_114' title='bbox 368 1643 400 1681; x_wconf 91' lang='lat' dir='ltr'>se</span> <span class='ocrx_word' id='word_1_115' title='bbox 423 1642 489 1680; x_wconf 92' lang='lat' dir='ltr'>esse</span> <span class='ocrx_word' id='word_1_116' title='bbox 511 1623 693 1694; x_wconf 66' lang='lat' dir='ltr'>expetenda,</span> <span class='ocrx_word' id='word_1_117' title='bbox 739 1622 882 1680; x_wconf 87' lang='lat' dir='ltr'>Indicant</span> <span class='ocrx_word' id='word_1_118' title='bbox 902 1628 999 1694; x_wconf 88' lang='lat' dir='ltr'>pueri,</span> <span class='ocrx_word' id='word_1_119' title='bbox 1020 1628 1052 1681; x_wconf 92' lang='lat' dir='ltr'>in</span> 
     </span>
     <span class='ocr_line' id='line_1_18' title="bbox 161 1706 1053 1778; baseline -0.001 -14"><span class='ocrx_word' id='word_1_120' title='bbox 161 1709 270 1778; x_wconf 88' lang='lat' dir='ltr'>quibus</span> <span class='ocrx_word' id='word_1_121' title='bbox 283 1715 320 1764; x_wconf 94' lang='lat' dir='ltr'>ut</span> <span class='ocrx_word' id='word_1_122' title='bbox 333 1711 365 1763; x_wconf 95' lang='lat' dir='ltr'>in</span> <span class='ocrx_word' id='word_1_123' title='bbox 379 1707 509 1777; x_wconf 90' lang='lat' dir='ltr'>speculis</span> <span class='ocrx_word' id='word_1_124' title='bbox 523 1714 632 1764; x_wconf 83' lang='lat' dir='ltr'>natura</span> <span class='ocrx_word' id='word_1_125' title='bbox 642 1711 783 1764; x_wconf 89' lang='lat' dir='ltr'>cernitur.</span> <span class='ocrx_word' id='word_1_126' title='bbox 818 1706 941 1778; x_wconf 81' lang='lat' dir='ltr'>Quanta</span> <span class='ocrx_word' id='word_1_127' title='bbox 952 1707 1053 1764; x_wconf 89' lang='lat' dir='ltr'>studia</span> 
     </span>
     <span class='ocr_line' id='line_1_19' title="bbox 162 1791 1052 1861; baseline -0.001 -13"><span class='ocrx_word' id='word_1_128' title='bbox 162 1791 385 1848; x_wconf 85' lang='lat' dir='ltr'>decertantium</span> <span class='ocrx_word' id='word_1_129' title='bbox 408 1791 497 1848; x_wconf 84' lang='lat' dir='ltr'>sunt!</span> <span class='ocrx_word' id='word_1_130' title='bbox 523 1798 637 1861; x_wconf 91' lang='lat' dir='ltr'>quanta</span> <span class='ocrx_word' id='word_1_131' title='bbox 660 1794 725 1861; x_wconf 92' lang='lat' dir='ltr'>ipsa</span> <span class='ocrx_word' id='word_1_132' title='bbox 744 1791 927 1848; x_wconf 86' lang='lat' dir='ltr'>certamina!</span> <span class='ocrx_word' id='word_1_133' title='bbox 949 1798 985 1847; x_wconf 93' lang='lat' dir='ltr'>ut</span> <span class='ocrx_word' id='word_1_134' title='bbox 1008 1791 1052 1847; x_wconf 93' lang='lat' dir='ltr'>illi</span> 
     </span>
     <span class='ocr_line' id='line_1_20' title="bbox 163 1873 1053 1945; baseline 0 -14"><span class='ocrx_word' id='word_1_135' title='bbox 163 1875 331 1932; x_wconf 87' lang='lat' dir='ltr'>efferuntur</span> <span class='ocrx_word' id='word_1_136' title='bbox 341 1873 459 1931; x_wconf 89' lang='lat' dir='ltr'>laetitia</span> <span class='ocrx_word' id='word_1_137' title='bbox 473 1894 542 1931; x_wconf 83' lang='lat' dir='ltr'>curn</span> <span class='ocrx_word' id='word_1_138' title='bbox 556 1874 711 1931; x_wconf 87' lang='lat' dir='ltr'>vicerunt!</span> <span class='ocrx_word' id='word_1_139' title='bbox 727 1882 763 1931; x_wconf 93' lang='lat' dir='ltr'>ut</span> <span class='ocrx_word' id='word_1_140' title='bbox 776 1873 874 1945; x_wconf 89' lang='lat' dir='ltr'>pudet</span> <span class='ocrx_word' id='word_1_141' title='bbox 888 1875 1001 1931; x_wconf 88' lang='lat' dir='ltr'>victos!</span> <span class='ocrx_word' id='word_1_142' title='bbox 1018 1881 1053 1931; x_wconf 92' lang='lat' dir='ltr'>ut</span> 
     </span>
     <span class='ocr_line' id='line_1_21' title="bbox 163 1957 1051 2028; baseline -0.001 -13"><span class='ocrx_word' id='word_1_143' title='bbox 163 1977 196 2015; x_wconf 90' lang='lat' dir='ltr'>se</span> <span class='ocrx_word' id='word_1_144' title='bbox 210 1961 343 2014; x_wconf 90' lang='lat' dir='ltr'>accusari</span> <span class='ocrx_word' id='word_1_145' title='bbox 357 1957 483 2014; x_wconf 89' lang='lat' dir='ltr'>nolunt!</span> <span class='ocrx_word' id='word_1_146' title='bbox 507 1977 598 2027; x_wconf 86' lang='lat' dir='ltr'>quam</span> <span class='ocrx_word' id='word_1_147' title='bbox 612 1961 739 2028; x_wconf 89' lang='lat' dir='ltr'>cupiunt</span> <span class='ocrx_word' id='word_1_148' title='bbox 753 1957 887 2014; x_wconf 86' lang='lat' dir='ltr'>laudari!</span> <span class='ocrx_word' id='word_1_149' title='bbox 910 1977 985 2027; x_wconf 90' lang='lat' dir='ltr'>quos</span> <span class='ocrx_word' id='word_1_150' title='bbox 1007 1958 1051 2015; x_wconf 95' lang='lat' dir='ltr'>illi</span> 
     </span>
     <span class='ocr_line' id='line_1_22' title="bbox 162 2030 1051 2112; baseline 0.002 -15"><span class='ocrx_word' id='word_1_151' title='bbox 162 2041 281 2098; x_wconf 89' lang='lat' dir='ltr'>labores</span> <span class='ocrx_word' id='word_1_152' title='bbox 295 2030 377 2097; x_wconf 82' lang='lat' dir='ltr'>non²</span> <span class='ocrx_word' id='word_1_153' title='bbox 390 2039 551 2112; x_wconf 90' lang='lat' dir='ltr'>perferunt</span> <span class='ocrx_word' id='word_1_154' title='bbox 565 2048 600 2097; x_wconf 94' lang='lat' dir='ltr'>ut</span> <span class='ocrx_word' id='word_1_155' title='bbox 614 2040 786 2110; x_wconf 87' lang='lat' dir='ltr'>aequalium</span> <span class='ocrx_word' id='word_1_156' title='bbox 800 2039 961 2111; x_wconf 79' lang='lat' dir='ltr'>principes‘</span> <span class='ocrx_word' id='word_1_157' title='bbox 972 2045 1034 2098; x_wconf 92' lang='lat' dir='ltr'>sint</span> <span class='ocrx_word' id='word_1_158' title='bbox 1046 2041 1051 2098; x_wconf 91' lang='lat'>!</span> 
     </span>
     <span class='ocr_line' id='line_1_23' title="bbox 162 2125 1052 2195; baseline 0.002 -15"><span class='ocrx_word' id='word_1_159' title='bbox 162 2144 240 2194; x_wconf 90' lang='lat' dir='ltr'>quae</span> <span class='ocrx_word' id='word_1_160' title='bbox 268 2129 413 2181; x_wconf 91' lang='lat' dir='ltr'>memoria</span> <span class='ocrx_word' id='word_1_161' title='bbox 442 2132 489 2181; x_wconf 91' lang='lat' dir='ltr'>est</span> <span class='ocrx_word' id='word_1_162' title='bbox 517 2128 549 2179; x_wconf 93' lang='lat' dir='ltr'>in</span> <span class='ocrx_word' id='word_1_163' title='bbox 578 2128 614 2180; x_wconf 92' lang='lat' dir='ltr'>iis</span> <span class='ocrx_word' id='word_1_164' title='bbox 642 2125 721 2182; x_wconf 90' lang='lat' dir='ltr'>bene</span> <span class='ocrx_word' id='word_1_165' title='bbox 753 2128 947 2194; x_wconf 89' lang='lat' dir='ltr'>merentium,</span> <span class='ocrx_word' id='word_1_166' title='bbox 974 2144 1052 2195; x_wconf 90' lang='lat' dir='ltr'>quae</span> 
     </span>
     <span class='ocr_line' id='line_1_24' title="bbox 162 2206 1053 2280; baseline 0.001 -16"><span class='ocrx_word' id='word_1_167' title='bbox 162 2206 342 2265; x_wconf 87' lang='lat' dir='ltr'>referendae</span> <span class='ocrx_word' id='word_1_168' title='bbox 363 2211 479 2278; x_wconf 83' lang='lat' dir='ltr'>gratiae</span> <span class='ocrx_word' id='word_1_169' title='bbox 501 2207 667 2278; x_wconf 85' lang='lat' dir='ltr'>cupiditas!</span> <span class='ocrx_word' id='word_1_170' title='bbox 711 2207 815 2278; x_wconf 87' lang='lat' dir='ltr'>Atque</span> <span class='ocrx_word' id='word_1_171' title='bbox 835 2227 871 2265; x_wconf 90' lang='lat' dir='ltr'>ea</span> <span class='ocrx_word' id='word_1_172' title='bbox 887 2212 920 2264; x_wconf 93' lang='lat' dir='ltr'>in</span> <span class='ocrx_word' id='word_1_173' title='bbox 937 2212 1053 2280; x_wconf 88' lang='lat' dir='ltr'>optima</span> 
     </span>
     <span class='ocr_line' id='line_1_25' title="bbox 162 2290 1054 2362; baseline 0.002 -14"><span class='ocrx_word' id='word_1_174' title='bbox 162 2311 281 2361; x_wconf 92' lang='lat' dir='ltr'>quaque</span> <span class='ocrx_word' id='word_1_175' title='bbox 295 2291 398 2348; x_wconf 87' lang='lat' dir='ltr'>indole</span> <span class='ocrx_word' id='word_1_176' title='bbox 412 2295 542 2348; x_wconf 85' lang='lat' dir='ltr'>maxime</span> <span class='ocrx_word' id='word_1_177' title='bbox 552 2299 709 2362; x_wconf 84' lang='lat' dir='ltr'>apparent,</span> <span class='ocrx_word' id='word_1_178' title='bbox 721 2295 753 2347; x_wconf 95' lang='lat' dir='ltr'>in</span> <span class='ocrx_word' id='word_1_179' title='bbox 764 2311 824 2362; x_wconf 85' lang='lat' dir='ltr'>qua</span> <span class='ocrx_word' id='word_1_180' title='bbox 834 2290 910 2348; x_wconf 85' lang='lat' dir='ltr'>haec</span> <span class='ocrx_word' id='word_1_181' title='bbox 924 2291 1054 2350; x_wconf 75' lang='lat' dir='ltr'>honesta</span> 
     </span>
     <span class='ocr_line' id='line_1_26' title="bbox 162 2374 1051 2446; baseline 0.002 -15"><span class='ocrx_word' id='word_1_182' title='bbox 162 2395 240 2446; x_wconf 82' lang='lat' dir='ltr'>quae</span> <span class='ocrx_word' id='word_1_183' title='bbox 254 2374 463 2445; x_wconf 86' lang='lat' dir='ltr'>intellegimus</span> <span class='ocrx_word' id='word_1_184' title='bbox 479 2395 497 2431; x_wconf 81' lang='lat' dir='ltr'><strong>a</strong></span> <span class='ocrx_word' id='word_1_185' title='bbox 518 2382 627 2432; x_wconf 78' lang='lat' dir='ltr'>natura</span> <span class='ocrx_word' id='word_1_186' title='bbox 649 2382 802 2445; x_wconf 77' lang='lat' dir='ltr'>tamquam</span> <span class='ocrx_word' id='word_1_187' title='bbox 823 2375 1051 2433; x_wconf 89' lang='lat' dir='ltr'>adumbrantur.</span> 
     </span>
     <span class='ocr_line' id='line_1_27' title="bbox 102 2453 1053 2529; baseline 0.003 -15"><span class='ocrx_word' id='word_1_188' title='bbox 102 2453 140 2514; x_wconf 76' lang='grc'>62</span> <span class='ocrx_word' id='word_1_189' title='bbox 164 2458 227 2516; x_wconf 92' lang='lat' dir='ltr'>Sed</span> <span class='ocrx_word' id='word_1_190' title='bbox 246 2459 322 2517; x_wconf 92' lang='lat' dir='ltr'>haec</span> <span class='ocrx_word' id='word_1_191' title='bbox 341 2462 374 2514; x_wconf 90' lang='lat' dir='ltr'>in</span> <span class='ocrx_word' id='word_1_192' title='bbox 393 2462 513 2528; x_wconf 90' lang='lat' dir='ltr'>pueris;</span> <span class='ocrx_word' id='word_1_193' title='bbox 539 2478 680 2529; x_wconf 84' lang='lat' dir='ltr'>expressa</span> <span class='ocrx_word' id='word_1_194' title='bbox 700 2478 770 2516; x_wconf 89' lang='lat' dir='ltr'>vero</span> <span class='ocrx_word' id='word_1_195' title='bbox 790 2462 822 2514; x_wconf 93' lang='lat' dir='ltr'>in</span> <span class='ocrx_word' id='word_1_196' title='bbox 842 2462 879 2516; x_wconf 92' lang='lat' dir='ltr'>iis</span> <span class='ocrx_word' id='word_1_197' title='bbox 900 2461 1053 2517; x_wconf 82' lang='lat' dir='ltr'>aetatibus</span> 
     </span>
     <span class='ocr_line' id='line_1_28' title="bbox 162 2540 1054 2612; baseline 0.003 -14"><span class='ocrx_word' id='word_1_198' title='bbox 162 2562 240 2612; x_wconf 89' lang='lat' dir='ltr'>quae</span> <span class='ocrx_word' id='word_1_199' title='bbox 253 2547 313 2599; x_wconf 91' lang='lat' dir='ltr'>iam</span> <span class='ocrx_word' id='word_1_200' title='bbox 328 2541 521 2600; x_wconf 85' lang='lat' dir='ltr'>confirmatae</span> <span class='ocrx_word' id='word_1_201' title='bbox 536 2549 615 2599; x_wconf 90' lang='lat' dir='ltr'>sunt.</span> <span class='ocrx_word' id='word_1_202' title='bbox 661 2540 737 2612; x_wconf 86' lang='lat' dir='ltr'>Quis</span> <span class='ocrx_word' id='word_1_203' title='bbox 756 2549 803 2599; x_wconf 91' lang='lat' dir='ltr'>est</span> <span class='ocrx_word' id='word_1_204' title='bbox 821 2549 886 2599; x_wconf 89' lang='lat' dir='ltr'>tam</span> <span class='ocrx_word' id='word_1_205' title='bbox 900 2542 1054 2602; x_wconf 88' lang='lat' dir='ltr'>dissimilis</span> 
     </span>
    </p>
   </div>
   <div class='ocr_carea' id='block_1_3' title="bbox 164 2714 1054 2974">
    <p class='ocr_par' dir='ltr' id='par_1_3' title="bbox 164 2714 1054 2974">
     <span class='ocr_line' id='line_1_29' title="bbox 190 2714 1053 2780; baseline 0.008 -18"><span class='ocrx_word' id='word_1_206' title='bbox 190 2714 396 2778; x_wconf 80' lang='lat' dir='ltr'>¹significentur</span> <span class='ocrx_word' id='word_1_207' title='bbox 411 2730 498 2763; x_wconf 81' lang='lat' dir='ltr'>rerum</span> <span class='ocrx_word' id='word_1_208' title='bbox 516 2714 561 2762; x_wconf 85' lang='lat' dir='ltr'>inf.</span> <span class='ocrx_word' id='word_1_209' title='bbox 577 2714 667 2774; x_wconf 70' lang='lat' dir='ltr'>MSS„</span> <span class='ocrx_word' id='word_1_210' title='bbox 683 2715 774 2772; x_wconf 87' lang='lat' dir='ltr'>Mdv.;</span> <span class='ocrx_word' id='word_1_211' title='bbox 792 2716 949 2780; x_wconf 64' lang='lat' dir='ltr'>signficant</span> <span class='ocrx_word' id='word_1_212' title='bbox 966 2735 1053 2768; x_wconf 83' lang='lat' dir='ltr'>rerum</span> 
     </span>
     <span class='ocr_line' id='line_1_30' title="bbox 166 2777 1054 2857; baseline 0.008 -29"><span class='ocrx_word' id='word_1_213' title='bbox 166 2780 197 2856; x_wconf 26' lang='lat' dir='ltr'>BD,</span> <span class='ocrx_word' id='word_1_214' title='bbox 217 2779 257 2857; x_wconf 40' lang='lat' dir='ltr'>Est</span> <span class='ocrx_word' id='word_1_215' title='bbox 283 2779 357 2828; x_wconf 84' lang='lat' dir='ltr'>Mdv.</span> <span class='ocrx_word' id='word_1_216' title='bbox 378 2777 448 2844; x_wconf 83' lang='lat' dir='ltr'>conj.</span> <span class='ocrx_word' id='word_1_217' title='bbox 468 2780 658 2844; x_wconf 81' lang='lat' dir='ltr'>significentur</span> <span class='ocrx_word' id='word_1_218' title='bbox 672 2797 778 2838; x_wconf 78' lang='lat' dir='ltr'>eomm3</span> <span class='ocrx_word' id='word_1_219' title='bbox 798 2782 886 2830; x_wconf 87' lang='lat' dir='ltr'>Davis</span> <span class='ocrx_word' id='word_1_220' title='bbox 906 2784 1054 2849; x_wconf 75' lang='lat' dir='ltr'>quibusque</span> 
     </span>
     <span class='ocr_line' id='line_1_31' title="bbox 164 2842 563 2974; baseline 0 -16"><span class='ocrx_word' id='word_1_221' title='bbox 164 2842 563 2974; x_wconf 38' lang='lat' dir='ltr'>szggvxofincznrtgccssrteezurgyJMdv·</span> 
     </span>
    </p>
   </div>
   <div class='ocr_carea' id='block_1_4' title="bbox 811 3041 1055 3053">
    <p class='ocr_par' dir='ltr' id='par_1_4' title="bbox 811 3041 1055 3053">
     <span class='ocr_line' id='line_1_32' title="bbox 811 3041 1055 3053; baseline 0 0"><span class='ocrx_word' id='word_1_222' title='bbox 811 3041 1055 3053; x_wconf 75' lang='lat'><strong>——-·--——</strong></span> 
     </span>
    </p>
   </div>
   <div class='ocr_carea' id='block_1_5' title="bbox 247 3123 780 3259">
    <p class='ocr_par' dir='ltr' id='par_1_5' title="bbox 247 3123 780 3259">
     <span class='ocr_line' id='line_1_33' title="bbox 524 3123 780 3189; baseline -0.008 -17"><span class='ocrx_word' id='word_1_223' title='bbox 524 3132 538 3160; x_wconf 72' lang='lat'>³</span> <span class='ocrx_word' id='word_1_224' title='bbox 548 3123 632 3184; x_wconf 79' lang='lat' dir='ltr'>Viz.§</span> <span class='ocrx_word' id='word_1_225' title='bbox 661 3137 684 3189; x_wconf 87' lang='lat'>7.</span> <span class='ocrx_word' id='word_1_226' title='bbox 778 3165 780 3170; x_wconf 93' lang='lat'><em>.</em></span> 
     </span>
     <span class='ocr_line' id='line_1_34' title="bbox 247 3199 307 3259; baseline 0.033 -2"><span class='ocrx_word' id='word_1_227' title='bbox 247 3199 307 3259; x_wconf 75' lang='lat'>462</span> 
     </span>
    </p>
   </div>
   <div class='ocr_carea' id='block_1_6' title="bbox 0 0 1165 3682">
    <p class='ocr_par' dir='ltr' id='par_1_6' title="bbox 0 0 1165 3682">
     <span class='ocr_line' id='line_1_35' title="bbox 0 0 1165 3682; baseline 0 0"><span class='ocrx_word' id='word_1_228' title='bbox 0 0 1165 3682; x_wconf 95' lang='lat' dir='ltr'> </span> 
     </span>
    </p>
   </div>
  </div>
 </body>
</html>
