2310 3682
451 222 602 327 cronno
625 268 682 325 nu
705 267 874 326 numus

214 389 381 448 conflixisse
394 390 476 461 apud
491 390 629 449 Veserim
643 398 768 462 propter
782 390 978 460 voluptatem.
1016 388 1108 459 Quod

213 512 285 550 vero
306 495 404 550 securi
424 481 584 562 percussit1
604 491 709 562 filium,
724 495 885 563 privavisse
905 512 937 549 se
956 495 1049 549 etiam
1064 495 1107 548 vi-

213 592 304 652 detur
314 594 418 651 multis
428 593 643 665 voluptatibus,
655 613 725 651 cum
735 597 793 666 ipsi
806 601 933 651 naturae
947 597 1107 665 patrioque

212 699 306 752 amori
320 694 501 766 praetulerit
514 699 560 753 ius
574 699 741 753 maiestatis
755 703 848 766 atque
863 699 978 767 imperi.

255 783 381 866 “Quid?
393 785 443 854 T·.2
452 797 631 868 Torquatus,
638 801 720 868 isqui
727 797 831 856 consul
838 818 907 855 cum
914 797 967 854 Cn.
977 798 1105 855 Octavio

212 897 280 969 fuit,
292 918 362 956 cum
375 898 459 956 illam
474 903 668 958 severitatem
683 903 716 956 in
730 919 767 957 eo
784 899 843 956 filio
857 898 998 957 adhibuit
1013 919 1105 969 quem

212 1003 244 1056 in
266 1000 462 1072 adoptionem
492 1001 529 1058 D.
555 1000 657 1060 Silano
682 1005 936 1072 emancipaverat,
959 1009 995 1059 ut
1023 1021 1104 1072 eum,

212 1101 415 1161 Macedonum
429 1104 538 1174 legatis
549 1105 759 1162 accusantibus
771 1103 852 1174 quod
863 1107 1007 1174 pecunias
1018 1123 1104 1174 prae-

210 1211 308 1262 torem
322 1209 354 1262 in
368 1209 522 1277 provincia
533 1211 648 1278 cepisse
659 1213 832 1276 arguerent,
843 1209 964 1263 ‘causam
975 1205 1056 1277 apud
1071 1225 1104 1263 se

212 1305 314 1364 dicere
335 1307 466 1378 iuberet,
480 1327 574 1378 reque
594 1327 632 1365 ex
652 1316 781 1378 utraque
801 1314 888 1378 parte
909 1306 1014 1365 audita
1035 1327 1103 1378 pro-

209 1412 366 1466 nuntiaret
389 1429 458 1466 eum
484 1429 546 1466 non
571 1409 664 1466 talem
687 1408 783 1466 videri
805 1408 897 1466 fuisse
920 1411 952 1465 in
975 1413 1104 1480 imperio

209 1509 313 1581 quales
328 1514 393 1568 eius
407 1515 535 1569 maiores
549 1510 689 1582 fuissent,
704 1518 737 1568 et
756 1515 788 1567 in
803 1519 1000 1582 conspectum
1015 1531 1102 1568 suum

209 1617 313 1670 venire
329 1617 437 1684 vetuit,
452 1612 600 1684 numquid
621 1613 679 1671 tibi
693 1612 815 1670 videtur
836 1613 875 1670 de
896 1611 1102 1683 voluptatibus

207 1718 268 1772 suis
288 1716 483 1784 cogitavisse?
520 1714 582 1773 Sed
603 1722 638 1772 ut
657 1718 796 1772 omittam
815 1714 958 1786 pericula,
973 1713 1102 1785 labores,

207 1814 343 1873 dolorem
358 1821 450 1873 etiam
466 1836 557 1888 quem
577 1820 709 1887 optimus
729 1821 856 1888 quisque
877 1836 932 1888 pro
951 1820 1049 1887 patria
1069 1824 1102 1874 et

207 1938 261 1989 pro
286 1922 347 1976 suis
370 1921 504 1989 suscipit,
524 1925 560 1976 ut
582 1938 644 1975 non
666 1917 757 1976 modo
780 1918 894 1976 nullam
918 1925 1023 1989 captet
1046 1917 1101 1976 sed

206 2023 299 2077 etiam
320 2027 494 2091 praetereat
516 2039 621 2077 omnes
635 2019 817 2092 voluptates,
833 2020 951 2078 dolores
966 2019 1100 2090 denique

154 2134 159 2150 ··
206 2124 325 2191 quosvis
346 2124 498 2192 suscipere
525 2119 612 2178 malit
633 2141 724 2192 quarn
745 2122 886 2180 deserere
908 2121 1001 2180 ullam
1022 2121 1100 2179 offici

152 2212 155 2221 ¹
204 2230 333 2294 partem,
348 2221 389 2280 ad
410 2242 446 2280 ea
460 2241 537 2292 quae
553 2221 610 2280 hoc
625 2243 687 2280 non
701 2227 801 2307 minus
816 2223 973 2281 declarant
987 2223 1042 2281 sed
1056 2228 1100 2282 vi·

204 2322 317 2383 dentur
330 2324 442 2382 leviora
456 2327 619 2381 veniamus,
663 2322 747 2393 Quid
765 2325 832 2396 tibi,
847 2325 1010 2395 Torquate,
1025 2325 1099 2396 quid

203 2425 274 2483 huic
283 2427 398 2484 Triario
405 2425 537 2496 litterae,
547 2424 620 2496 quid
629 2425 771 2485 historiae
783 2430 976 2497 cognitioque
986 2446 1098 2500 rerum,

204 2527 277 2598 quid
295 2534 456 2600 poetarum
471 2527 613 2598 evolutio,
628 2528 701 2601 quid
715 2535 802 2586 tanta
816 2535 864 2586 tot
877 2547 1018 2586 versuum
1033 2548 1097 2587 me·

108 2616 111 2621 ’
202 2633 297 2686 moria
305 2628 469 2700 voluptatis
480 2628 585 2687 affert?
609 2630 675 2688 Nec
685 2630 761 2687 mihi
775 2629 851 2687 illud
866 2629 992 2688 dixeris:
1008 2630 1098 2688 Haec

202 2734 285 2787 enim
299 2735 363 2802 ipsa
377 2730 452 2787 mihi
467 2737 539 2788 sunt
550 2732 708 2803 voluptati,
718 2739 751 2790 et
765 2739 853 2789 erant
864 2731 915 2788 illa
926 2732 1095 2802 Torquatis.

203 2831 378 2903 Numquam
400 2831 458 2890 hoc
475 2837 518 2890 ita
538 2832 679 2892 defendit
700 2834 848 2906 Epicurus
862 2853 963 2904 neque
979 2835 1097 2892 Metro·

202 2930 292 2990 dorus
313 2941 367 2991 aut
386 2938 544 3005 quisquam
566 2955 670 2993 eorum
692 2939 744 3006 qui
764 2942 818 2992 aut
839 2943 960 3007 saperet
980 2935 1102 3009 aliquid

333 3085 339 3112 ¹
344 3086 479 3149 permessit
490 3086 578 3144 Mdv.;
587 3087 750 3150 permesserit
761 3086 839 3134 MSS.

234 3180 241 3188 ·
331 3149 381 3202 ‘⁴T.
395 3151 456 3200 edd.
470 3151 539 3201 from
552 3153 609 3202 Liv.
624 3153 686 3216 epit.
703 3166 751 3216 543
768 3153 798 3201 l„
816 3152 894 3202 MSS.

284 3227 323 3288 26
