2310 3682
392 228 542 287 CICERO
565 229 622 286 DE
646 227 813 286 FINIBUS

156 357 301 410 consistat
312 359 466 423 tamquam
476 356 508 409 in
520 359 667 420 extremo,
679 369 844 420 omnesque
856 356 889 406 et
903 357 1004 408 metus
1016 357 1049 407 et

154 454 362 525 aegritudines
383 453 422 511 ad
445 453 581 510 dolorem
603 452 788 521 referuntur,
809 471 867 508 nec
889 459 1049 523 praeterea

156 564 203 614 est
217 576 265 614 res
280 556 341 612 nlla
356 575 433 627 quae
448 575 501 613 sua
515 562 623 612 natura
637 561 690 611 aut
705 554 868 611 sollicitare
883 558 979 625 possit
994 561 1048 611 aut

156 677 277 728 angere.
410 726 417 742 .

95 765 133 816 42
198 745 388 817 “Praeterea
403 767 436 817 et
450 758 616 831 appetendi
632 765 664 815 et
678 757 852 828 refugiendi
873 764 905 815 et
925 762 1049 815 omnino

156 881 256 918 rerum
276 862 480 932 gerendarum
499 864 586 917 initia
606 859 836 931 proficiscuntur
855 867 908 917 aut
927 880 944 916 a
964 860 1048 918 volu-

156 970 242 1033 ptate
262 971 352 1020 anta
371 962 483 1020 dolore.
522 961 614 1034 Quod
634 982 702 1018 oum
722 966 766 1018 ita
785 965 834 1032 sit,
854 966 1048 1032 perspicuum

157 1072 205 1122 est
222 1085 327 1123 omnes
349 1072 447 1122 rectas
465 1084 513 1122 res
531 1073 623 1136 atque
641 1063 809 1121 laudabiles
828 1083 865 1120 eo
883 1063 991 1121 referri
1014 1072 1048 1122 ut

149 1187 226 1230 ⁴curn
240 1167 397 1239 voluptate
418 1171 543 1224 vivatur.
589 1165 741 1244 Quoniam
758 1174 863 1223 autem
882 1167 912 1224 id
935 1174 983 1224 est
999 1167 1048 1223 vel

157 1290 309 1327 summum
322 1270 372 1328 vel
386 1270 528 1327 ultimum
537 1268 587 1326 vel
602 1277 773 1326 extremum
788 1269 936 1325 bonorum
952 1257 1048 1339 (quod

157 1372 267 1429 Graeci
281 1370 364 1434 τέλος
379 1360 552 1440 nominant)
567 1371 648 1442 quod
663 1375 761 1442 ipsum
776 1369 891 1427 nullam
905 1370 944 1428 ad
958 1370 1048 1427 aliam

156 1493 231 1544 rem,
243 1474 281 1531 ad
296 1474 327 1531 id
338 1481 442 1530 autern
457 1493 504 1531 res
516 1473 691 1531 referuntur
702 1492 818 1543 omnes,
829 1472 989 1530 fatendum
1001 1480 1049 1530 est

157 1595 307 1632 summurn
323 1588 388 1633 esse
403 1576 517 1633 bonum
532 1575 663 1632 iucunde
678 1579 788 1631 vivere.

198 1678 286 1734 XIII.
312 1663 377 1735 “ld
392 1682 445 1749 qui
459 1683 492 1734 in
506 1698 566 1734 una
580 1681 694 1734 virtute
709 1683 828 1746 ponunt
842 1683 875 1733 et
887 1675 1049 1748 splendore

156 1783 286 1836 nominis
304 1783 385 1851 capti
403 1778 476 1850 quid
493 1785 601 1836 natura
618 1776 753 1849 postulet
771 1796 832 1834 11011
852 1776 1049 1848 intellegunt,

157 1901 258 1940 errore
273 1886 413 1951 maximo,
428 1885 453 1938 si
469 1882 633 1954 Epicurum
648 1880 752 1937 audIre
764 1878 925 1950 voluerint,
940 1878 1049 1938 libera-

156 1984 277 2041 buntur.
324 1983 405 2041 Istae
431 1987 513 2041 enim
538 1990 656 2060 vestrae
686 1985 814 2038 eximiae
842 1980 1049 2053 pulchraeque

156 2089 284 2142 virtutes
318 2089 376 2142 nisi
404 2085 592 2157 voluptatem
624 2084 789 2154 efficerent,
818 2088 885 2154 quis
917 2103 967 2141 eas
995 2091 1050 2141 aut

155 2185 323 2242 laudabiles
347 2194 400 2243 aut
426 2185 613 2257 expetendas
639 2186 854 2242 arbitraretur?
899 2184 943 2243 Ut
965 2191 1050 2243 entm

155 2287 343 2344 medicorum
370 2292 528 2345 scientiam
556 2307 618 2345 non
646 2291 739 2359 ipsius
767 2291 840 2344 artis
868 2286 922 2344 sed
951 2287 1049 2346 bonae

157 2387 338 2446 valetudinis
353 2409 441 2446 causa
455 2389 625 2461 probamus,
641 2396 673 2446 et
687 2388 898 2458 gubernatoris
912 2408 969 2458 am,
979 2393 1050 2459 quia

156 2491 235 2547 bene
259 2490 421 2560 navigandi
444 2495 593 2548 rationem
616 2490 719 2560 habet,
737 2489 881 2560 utilitate,
899 2509 961 2546 non
982 2499 1049 2550 arte

156 2591 305 2662 laudatur,
321 2596 363 2649 sic
377 2595 534 2663 sapientia,
550 2610 627 2662 quae
642 2610 689 2648 ars
704 2591 826 2648 vivendi
841 2591 977 2662 putanda
991 2600 1050 2663 est,

155 2713 217 2750 non
247 2701 444 2765 expeteretur
467 2697 491 2750 si
516 2692 592 2750 nihil
618 2693 766 2761 efficeret;
791 2713 873 2750 nunc
894 2698 1051 2764 expetitur

156 2795 237 2866 quod
260 2803 308 2852 est
328 2803 483 2864 tamquam
502 2793 613 2852 artifex
634 2794 857 2865 conquirendae
877 2802 909 2852 et
929 2814 1049 2867 compa-

96 2902 134 2952 43
156 2897 269 2955 randae
291 2896 463 2966 voluptatis.
509 2884 623 2968 (Quam
644 2903 748 2953 antem
768 2915 827 2966 ego
846 2896 945 2954 dicam
964 2897 1049 2955 voln-

205 3119 271 3168 aie.
285 3119 349 3183 pain
361 3117 392 3165 of
400 3117 473 3183 body
484 3135 491 3174 1
508 3119 618 3167 dolorem
630 3118 694 3166 here
706 3118 757 3166 has
770 3117 804 3165 ils
817 3116 894 3165 strict
906 3133 994 3170 sense.

240 3195 280 3258 46
