2310 3682
360 461 401 518 M.
419 460 564 519 TULLII
580 460 801 520 CICERONIS

233 652 402 712 FINIBUS
418 556 628 711 BONORIIIPII
645 653 698 710 ET
713 653 928 712 MALORUM

427 748 551 806 LIBER
565 749 744 809 TERTIUS

100 936 110 986 1
162 929 184 986 I.
210 929 407 1001 Voluptatem
430 929 565 1001 quidem,
589 929 694 1000 Brute,
717 933 742 986 si
764 922 829 1000 ipsa
851 948 905 1000 pro
928 949 961 987 se
986 930 1028 986 lo-

139 1010 321 1097 quaturnec
335 1032 399 1084 tam
413 1030 585 1097 pertinaces
604 1024 717 1083 habeat
736 1033 888 1096 patronos,
908 1045 1029 1082 conces-

141 1141 240 1180 suram
255 1123 392 1192 arbitror,
408 1125 578 1180 convictam
597 1124 750 1193 superiore
770 1120 856 1191 libro,
877 1120 1028 1192 dignitati.

142 1206 266 1276 Etenim
281 1223 321 1276 sit
334 1217 496 1290 impudens
514 1222 539 1276 si
558 1221 664 1275 virtuti
683 1217 798 1276 diutius
812 1225 966 1289 repugnet
979 1224 1032 1274 aiat

143 1316 167 1370 si
176 1311 313 1370 honestis
322 1311 1033 1384 iucundaanteponatautplurisessecontendat

143 1407 338 1467 dulcedinem
353 1412 485 1480 corporis
502 1428 540 1467 ex
558 1428 632 1467 eave
651 1416 755 1466 natam
773 1409 923 1467 laetitiam
942 1428 1033 1481 quam

143 1507 325 1575 gravitatem
346 1508 440 1562 animi
460 1512 554 1576 atque
576 1509 786 1563 constantiam.
831 1503 933 1575 Quare
951 1504 1034 1563 illam

144 1599 269 1672 quidem
277 1599 467 1659 dimittamus
477 1609 509 1660 et
518 1604 579 1660 suis
588 1619 620 1660 se
630 1601 739 1660 finibus
749 1608 856 1660 tenere
868 1602 1035 1672 iubeamus,

144 1716 185 1755 ne
199 1695 355 1756 blanditiis
367 1701 431 1755 eius
442 1696 653 1768 illecebrisque
664 1697 849 1769 impediatur
859 1697 1036 1769 disputandi

106 1799 124 1850 2
147 1797 300 1851 severitas.
346 1793 564 1866 Quaerendum
579 1802 627 1853 est
642 1798 724 1852 enim
738 1794 790 1851 ubi
806 1797 845 1852 sit
860 1793 936 1852 illud
956 1813 1036 1853 sum-

146 1909 230 1947 mum
253 1891 367 1948 bonum
390 1891 471 1962 quod
499 1894 632 1962 reperire
662 1889 809 1962 volumus,
832 1894 975 1961 quoniam
1004 1899 1037 1949 et

146 1985 284 2057 voluptas
298 1987 337 2044 ab
352 2006 388 2045 eo
403 1994 520 2045 remota
534 1993 581 2044 est
596 1992 629 2044 et
649 1985 756 2044 eadem
776 1985 841 2045 fere
860 1993 967 2045 contra
986 2007 1038 2045 eos
1083 2000 1085 2005 '

146 2081 206 2139 dici
223 2090 350 2154 possunt
367 2087 419 2153 qui
436 2086 620 2140 vacuitatem
640 2081 751 2140 doloris
774 2082 866 2140 finem
889 2084 1037 2142 bonorum

147 2197 213 2236 esse
236 2175 413 2248 voluerunt;
436 2197 494 2236 nec
517 2197 588 2236 vero
612 2177 708 2236 ullum
730 2179 876 2250 probetur
898 2169 1039 2251 oportet¹

147 2293 298 2332 summum
307 2275 419 2332 bonum
429 2274 509 2344 quod
520 2278 633 2332 virtute
645 2282 755 2346 careat,
767 2295 826 2345 qua
837 2274 913 2332 nihil
925 2265 1040 2348 possit²

149 2388 215 2428 esse
229 2373 439 2442 praestantius.

191 2464 298 2536 Itaque
322 2484 503 2537 quamquam
526 2470 559 2524 in
582 2486 619 2525 eo
642 2486 780 2526 sermone
804 2472 856 2538 qui
876 2487 946 2526 cum
965 2469 1040 2528 Tor-

148 2568 242 2631 quato
261 2568 310 2618 est
328 2560 450 2620 habitus
469 2582 531 2620 non
555 2567 671 2621 remissi
695 2561 816 2634 fuimuS,
836 2570 941 2623 tamen
962 2565 1040 2625 haec

148 2659 244 2714 acrior
272 2664 320 2715 est
349 2677 418 2716 cum
453 2658 562 2718 Stoicis
590 2666 695 2731 parata
730 2665 897 2718 contentio.
951 2660 1040 2732 Quae

55 2800 62 2811 .
149 2756 232 2810 enim
267 2751 306 2810 de
342 2753 498 2826 voluptate
527 2755 681 2827 dicuntur,
710 2775 747 2815 ea
776 2774 835 2814 nec
866 2760 1040 2818 acutissime

108 2888 111 2893 -
148 2868 206 2907 nec
235 2849 413 2907 abscondite
439 2850 630 2910 disseruntur
637 2871 645 2921 ;
673 2871 774 2923 neque
800 2854 883 2911 enim
907 2858 960 2924 qui
986 2854 1040 2914 de-

185 2995 191 3022 ¹
205 2999 306 3060 oportet
316 2995 428 3054 Mollem
441 3002 473 3046 ut
481 2998 515 3058 A,
527 2999 558 3058 B,
571 2999 608 3056 E;
620 2999 699 3048 other
711 2998 789 3049 MSS.
801 2999 879 3057 omit3
890 3000 963 3052 Mdv.
976 2999 1037 3066 [ull

184 3057 195 3089 ²
198 3061 285 3124 possit
296 3061 317 3109 B
329 3060 385 3110 and
397 3061 441 3111 inf.
458 3064 534 3114 MSS.
549 3082 555 3122 ;
564 3069 654 3128 posset
663 3064 696 3125 A,
711 3065 733 3112 E
740 3082 748 3125 ;
755 3069 844 3129 potest
854 3065 927 3116 Mdv.
1037 3073 1042 3085 ⁸

234 3136 294 3197 ⁶216
