2310 3682
453 256 603 314 CICERO
626 255 683 312 DE
706 252 874 311 FINIBUS
955 264 960 271 “

218 379 442 436 haerescerent.
488 377 536 434 Ita
551 381 634 434 enim
648 380 781 433 invitant
793 375 916 433 Ulixem
926 362 1012 443 (nam
1024 377 1111 443 verti,

219 471 254 520 ut
268 463 418 534 quaedam
434 463 572 531 Homeri,
588 464 631 518 sic
644 465 737 517 istum
750 463 850 529 ipsum
864 447 996 528 locum):

261 596 289 654 Ο
305 594 397 652 decus
412 593 599 664 Argolicum,
614 597 688 663 quin
702 597 829 664 puppim
842 591 950 662 flectiS‚
966 591 1083 661 UlixeS,

260 679 393 735 Auribus
407 685 443 734 ut
457 684 575 734 nostros
589 680 684 747 possis
698 695 863 746 agnoscere
877 675 1006 733 cantus?

261 763 340 819 Nam
360 781 451 818 nemo
470 761 546 818 haec
561 780 706 831 umquam
721 768 769 818 est
786 767 976 817 transvectus
991 759 1111 816 caerula

302 865 400 914 cursu,

261 928 344 1000 Quin
359 933 441 999 prius
454 931 587 985 astiterit
600 946 708 983 vocum
723 926 885 984 dulcedine
901 934 1018 998 captus,

261 1012 343 1082 Post,
357 1016 445 1069 variis
460 1012 548 1069 avido
562 1014 688 1068 satiatus
702 1018 826 1082 pectore
840 1014 943 1080 musis,

261 1096 388 1153 Doctior
402 1096 441 1153 ad
456 1099 568 1166 patrias
582 1095 684 1165 lapsus
697 1097 874 1165 pervenerit
888 1113 962 1151 oras.

260 1180 324 1236 Nos
337 1199 430 1249 grave
445 1187 602 1236 certamen
616 1177 691 1235 belli
705 1177 886 1248 clademque
901 1186 1056 1249 tenemus,

262 1263 390 1320 Graecia
404 1283 495 1334 quam
509 1262 617 1319 Troiae
632 1261 735 1318 divino
749 1265 875 1319 numine
890 1265 984 1330 vexit,

261 1346 434 1417 Omniaque
449 1366 466 1402 e
481 1346 551 1403 latis
565 1365 667 1402 rerum
682 1350 810 1416 vestigia
824 1349 920 1402 terris.

220 1478 306 1534 Vidit
322 1479 476 1534 Homerus
490 1478 610 1548 probari
625 1477 760 1535 fabulam
779 1498 842 1534 non
860 1497 948 1550 posse
969 1483 993 1536 si
1014 1483 1117 1537 canti-'

219 1561 338 1618 unculis
371 1568 476 1618 tantus
504 1565 641 1619 irretitus
670 1566 715 1618 vir
742 1570 920 1631 teneretur;
950 1567 1109 1621 scientiam

219 1644 412 1715 pollicentur,
428 1664 518 1716 quam
533 1665 595 1701 non
611 1652 677 1703 erat
690 1649 800 1702 mirum
815 1650 983 1716 sapientiae
999 1647 1110 1718 cupido

219 1732 317 1799 patria
337 1717 422 1785 essel
444 1732 596 1785 cariorem.
641 1729 745 1800 Atque
768 1723 870 1786 omnia
889 1729 1014 1800 quidem
1034 1735 1110 1788 scire

220 1811 519 1882 cuiuscumquemodi
535 1815 596 1868 sint
611 1831 722 1882 cupere
742 1817 936 1882 curiosorum,
952 1813 1024 1871 duci
1039 1835 1110 1874 vero

218 1899 365 1951 maiorum
380 1914 482 1952 rerum
499 1894 759 1966 contemplatione
778 1896 818 1953 ad
837 1896 1040 1967 cupiditatem
1055 1903 1109 1956 sci·

219 1983 322 2035 entiae
336 1999 521 2056 summorum
534 1983 665 2035 virorum
681 1986 728 2037 est
741 1979 919 2050 putandum.

159 2066 196 2118 50
261 2060 345 2118 XIX.
363 2048 489 2132 “Quem
499 2066 581 2119 enim
590 2062 729 2119 ardorem
738 2063 820 2120 studi
830 2067 961 2122 censetis
972 2064 1066 2124 fuisse
1078 2071 1108 2124 in

219 2143 415 2214 Archimede,
430 2149 482 2216 qui
502 2144 574 2202 dum
594 2150 626 2202 in
645 2146 770 2216 pulvere
792 2147 942 2217 quaedam
963 2148 1109 2208 describit

218 2232 377 2298 attentius,
392 2249 432 2286 ne
447 2233 575 2299 patriam
591 2229 714 2300 quidem
733 2237 854 2301 captam
873 2250 939 2288 esse
959 2235 1107 2291 senserit!

218 2319 367 2380 quantum
382 2312 558 2370 Aristoxeni
573 2316 730 2383 ingenium
742 2322 955 2386 consumptum
970 2317 1108 2376 videmus

217 2399 248 2451 in
264 2396 401 2452 musicis!
424 2415 484 2466 quo
499 2396 599 2453 studio
613 2396 850 2467 Aristophanem
869 2406 1012 2469 putamus
1026 2409 1108 2459 aeta·

217 2485 282 2535 tem
302 2482 334 2535 in
356 2479 467 2536 litteris
488 2479 627 2537 duxisse!
671 2479 754 2551 Quid
776 2480 815 2538 de
837 2481 1021 2554 Pythagora,
1035 2485 1109 2555 quid

218 2561 257 2618 de
284 2561 411 2618 Platone
440 2570 494 2619 aut
522 2562 561 2619 de
591 2562 767 2621 Democrito
795 2564 923 2635 loquar?
952 2586 971 2622 a
999 2569 1108 2638 quibus

217 2652 343 2716 propter
356 2644 494 2702 discendi
509 2646 708 2717 cupiditatem
723 2647 861 2706 videmus
875 2649 998 2708 ultimas
1012 2657 1107 2710 terras

218 2747 285 2784 esse
307 2735 490 2799 peragratas
536 2728 622 2800 Quae
644 2734 696 2801 qui
718 2751 779 2788 non
802 2732 919 2803 vident,
941 2733 1020 2792 nihil
1042 2755 1106 2794 um·

217 2830 308 2881 quam
329 2831 474 2882 magnum
495 2803 549 2870 ac²
572 2817 747 2884 cognitione
768 2814 897 2887 dignum
918 2827 1104 2878 amaverunt

315 2917 388 2969 ¹esse
399 2929 469 2970 most
482 2922 560 2970 MSS.
575 2923 649 2971 omit.

316 2982 463 3049 ²magnum
475 3004 509 3036 ac
520 2987 651 3045 Bremius,
666 2987 739 3037 Mdv.
755 3006 761 3046 3
779 3006 880 3054 magna
893 2989 969 3041 MSS.

509 3151 522 3178 ἃ
532 3145 659 3210 Odysrey,
675 3162 713 3206 12,
730 3148 777 3212 184
788 3148 817 3198 ff.

299 3226 359 3277 450
