2310 3682
393 233 544 292 CICERO
567 234 625 292 DE
648 233 816 292 FINIBUS

159 383 195 421 ea
220 384 297 436 quae
323 369 392 424 siut
414 387 552 439 quaeque
581 374 744 425 cernantur
771 371 888 437 omnia3
920 388 1051 440 eumque

159 481 277 531 motum
296 482 466 533 atomorum
484 476 568 533 nullo
587 497 604 533 a
622 481 770 549 principio
790 476 844 534 sed
866 497 903 534 ex
925 485 1052 535 aeterno
1089 538 1091 542 ,

100 587 135 638 18
159 589 298 654 tempore
326 584 467 655 intellegi
492 590 662 644 convenire.
707 587 855 658 Epicurus
880 594 994 657 autem,
1021 590 1053 643 in

158 691 267 762 quibus
278 696 415 762 sequitur
423 693 644 766 Democritum,
652 714 715 753 non
723 694 788 753 fere
796 694 916 752 labitur.
938 693 1052 765 Quam-

80 819 82 822 ⁴
162 820 253 871 quam
267 805 424 873 utriusque
440 822 509 859 cum
522 802 620 860 multa
637 822 699 860 non
719 803 824 875 probo,
838 809 905 859 tum
924 802 1001 860 illud
1020 807 1053 859 in

160 901 274 979 primis,
295 910 387 980 quod,
405 930 474 967 cum
493 915 645 969 interum
666 919 775 969 natura
796 911 857 968 duo
877 911 1053 983 quaerenda

160 1021 231 1087 sint,
257 1037 349 1074 unum
377 1038 454 1089 quae
477 1023 605 1077 materia
629 1024 669 1078 sit
694 1039 731 1077 ex
757 1040 816 1091 qua
840 1039 979 1091 quaeque
1004 1039 1053 1078 res

161 1126 316 1196 efficiatur,
331 1126 461 1185 alterum
476 1119 553 1198 quae
568 1131 612 1185 vis
632 1132 672 1186 sit
685 1147 763 1199 quae
778 1127 913 1199 quidque
933 1128 1052 1199 efficiat,

160 1234 199 1292 de
222 1239 349 1292 materia
372 1234 591 1306 disseruerunt,
614 1239 674 1293 vim
700 1244 732 1293 et
758 1256 878 1294 causam
903 1235 1053 1294 efficiendi

159 1340 357 1411 reliquerunt.
395 1342 456 1401 Sed
467 1343 525 1400 hoc
535 1333 695 1401 commune
704 1347 827 1411 vitium;
848 1342 919 1401 illae
931 1344 1053 1415 Epicuri

160 1454 298 1522 propriae
313 1455 433 1509 ruinae:
455 1460 562 1510 censet
576 1456 658 1510 enim
670 1451 778 1510 eadem
789 1451 841 1509 illa
855 1451 1011 1510 individua
1021 1459 1054 1510 et

160 1558 254 1616 solida
269 1579 392 1630 corpora
407 1559 478 1617 ferri
493 1561 634 1617 deorsum
649 1579 703 1617 suo
719 1560 855 1631 pondere
869 1560 909 1617 ad
922 1559 1053 1618 lineam3

160 1667 242 1725 hunc
270 1668 440 1725 naturalem
476 1688 541 1726 esse
570 1672 705 1725 omnium
735 1688 893 1740 corporum
921 1676 1054 1738 motum3

103 1780 139 1840 19
160 1775 273 1833 deinde
288 1777 403 1834 ibidem
417 1775 508 1834 homo
522 1783 638 1847 acutuS,
654 1797 722 1834 cum
737 1777 814 1835 illud
832 1785 1015 1847 occurreret,
1030 1782 1055 1835 si

160 1889 262 1941 omnia
283 1885 423 1943 deorsum
446 1905 463 1942 e
485 1889 610 1957 regione
631 1884 785 1943 ferrentur
804 1893 847 1957 et,
866 1892 901 1943 ut
922 1885 995 1956 dixi,
1015 1884 1054 1943 ad

161 1992 283 2064 lineam,
312 2013 478 2065 numquam
507 1993 571 2051 fore
600 2001 635 2050 ut
664 2001 782 2051 atomus
807 1993 903 2051 altera
927 1993 1053 2051 alteram

160 2109 263 2172 posset
283 2106 447 2172 attingere,
462 2106 565 2173 itaque
585 2101 691 2159 attulit
710 2122 775 2159 rem
796 2105 1054 2160 commenticiam:

161 2209 314 2292 declinare
329 2211 407 2268 dixit
421 2218 558 2268 atomum
577 2210 766 2282 perpaulum,
780 2230 841 2282 quo
859 2209 936 2268 nihil
951 2219 1055 2282 posset

161 2318 224 2376 fieri
239 2323 338 2377 minus
346 2338 354 2388 ;
375 2323 419 2376 ita
434 2319 509 2376 effici
524 2319 748 2390 complexiones
759 2327 793 2377 et
803 2318 1010 2390 copulationes
1022 2328 1055 2378 et

161 2427 360 2486 adhaesiones
379 2435 549 2485 atomorum
572 2432 653 2485 inter
676 2447 719 2499 se,
743 2448 780 2486 cx
803 2448 863 2500 quo
885 2429 1055 2487 efficeretur

161 2533 293 2592 mundus
322 2553 488 2604 omnesque
517 2540 619 2605 partes
646 2533 753 2591 mundi
782 2553 920 2605 quaeque
956 2538 989 2590 in
1017 2554 1054 2592 eo

163 2648 275 2699 essent.
319 2640 406 2711 Quae
421 2660 490 2697 cum
505 2660 554 2699 res
573 2648 640 2698 tota
659 2641 729 2698 ficta
748 2646 788 2699 sit
804 2642 972 2713 pueriliter,
987 2649 1054 2700 tum

161 2770 200 2808 ne
213 2751 304 2808 efficit
317 2737 459 2820 quideml
469 2749 550 2821 quod
566 2749 639 2808 vult.
671 2751 749 2808 Nam
765 2758 798 2809 et
812 2755 876 2822 ipsa
890 2750 1056 2811 declinatio

161 2854 200 2915 ad
224 2857 384 2915 libidinem
410 2858 534 2929 fingitur
557 2846 615 2927 (ait
636 2864 719 2917 enim
742 2859 896 2917 declinare
919 2866 1055 2919 atomum

162 2970 227 3023 sine
243 2985 341 3036 causa,
357 2987 417 3037 quo
431 2967 508 3025 nihil
523 2971 640 3039 turpius
649 2967 775 3040 physico
786 2987 876 3038 quam
891 2967 955 3025 fieri
967 2969 1055 3039 quid-

425 3130 549 3197 ¹quidem
562 3133 680 3182 inserted
694 3132 730 3198 by
741 3132 802 3182 cdd.

245 3215 284 3266 20
506 3221 507 3224 ’
