2310 3682
361 413 402 468 M.
419 410 563 470 TULLII
578 407 800 467 CICERONIS

232 597 401 663 FINIBUS
416 505 629 661 BONORIIIIII
645 600 697 659 ET
712 599 928 658 MALORUM

429 697 553 755 LIBER
569 697 727 756 PRIMUS

97 802 108 851 1
178 794 201 851 Ι.
222 796 291 852 Non
306 814 389 852 eram
403 798 532 865 nescius,
548 794 653 864 Brute,
668 814 737 851 cum
751 811 829 867 quae
844 795 968 848 summis
983 795 1028 848 in·

135 895 233 961 geniis
253 895 462 962 exquisitaque
480 891 618 948 doctrina
637 880 810 962 philosophi
830 888 947 945 Graeco
967 906 1028 945 ser-

134 1006 225 1044 mone
244 991 457 1045 tractavissent
480 1007 516 1045 ea
536 986 652 1044 Latinis
673 986 785 1043 litteris
806 983 1029 1054 mandaremus,

136 1082 200 1141 fore
215 1090 250 1141 ut
267 1082 317 1140 hic
330 1091 435 1141 noster
451 1083 536 1139 labor
553 1087 584 1138 in
599 1086 693 1140 varias
712 1080 964 1152 reprehensi0nes
976 1083 1029 1136 in·

137 1186 280 1237 curreret.
319 1180 398 1236 Nam
409 1178 598 1250 quibusdam,
614 1185 647 1236 et
661 1183 697 1236 iis
711 1177 835 1249 quidem
849 1195 911 1233 non
925 1175 1029 1234 admo·

137 1275 210 1332 dum
243 1275 383 1345 indoctis,
412 1283 513 1332 totum
545 1273 603 1330 hoc
638 1273 780 1345 displicet
815 1269 1028 1344 phiIosophari.

138 1368 270 1440 Quidam
280 1378 383 1428 autem
394 1390 456 1427 non
470 1377 534 1427 tam
548 1369 581 1426 id
594 1369 825 1441 reprehendunt
838 1372 864 1426 si
878 1371 1031 1425 remissius

138 1473 254 1535 agatur,
269 1465 324 1522 sed
341 1473 462 1524 tantum
477 1466 612 1524 studium
627 1473 750 1537 tamque
764 1464 893 1521 multam
906 1483 1031 1536 operam

138 1559 310 1631 ponendam
325 1565 356 1617 in
368 1581 404 1618 eo
415 1581 477 1618 non
491 1562 684 1618 arbitrantur.
723 1559 821 1617 Erunt
836 1563 938 1629 etiam,
951 1567 984 1617 et
998 1558 1031 1616 hi

139 1656 263 1726 quidem
283 1657 394 1714 eruditi
415 1657 539 1714 Graecis
557 1656 678 1727 litteris,
694 1663 927 1714 contemnentes
948 1655 1031 1712 Lati·

139 1771 202 1821 nas,
218 1756 268 1823 qui
287 1772 319 1810 se
334 1753 438 1811 dicant
455 1757 487 1809 in
505 1752 785 1823 Graecis'legendIs
800 1771 922 1823 operam
939 1751 1031 1809 malle

139 1868 324 1906 consumere.
357 1849 512 1907 Postremo
524 1849 638 1919 aliquos
649 1847 766 1906 futuros
777 1851 910 1919 suspicor
918 1851 971 1918 qui
982 1867 1031 1905 me

139 1944 178 2001 ad
192 1945 264 2002 alias
281 1945 399 2002 Iltteras
413 1952 534 2015 vocent,
548 1963 646 2014 genus
663 1943 721 2001 hoc
738 1943 900 2014 scribendi,
916 1947 974 2000 etsi
992 1947 1032 2002 stt

99 2045 116 2095 2
140 2039 274 2110 elegans,
293 2059 439 2111 personae
460 2048 564 2098 tamen
588 2047 621 2098 et
640 2040 798 2111 dignitatis
818 2058 884 2097 esse
903 2047 1029 2109 negent

140 2134 251 2190 Contra
279 2153 353 2204 quos
388 2155 493 2193 omnes
521 2135 686 2192 dicendum
720 2136 854 2192 breviter
881 2138 1030 2193 existimo.

140 2227 331 2299 Quamquam
369 2229 577 2300 philosophiae
616 2230 740 2299 quidem
778 2231 1033 2301 vituperatoribus

139 2328 211 2382 satis
226 2344 402 2396 responsum
417 2333 465 2383 est
480 2345 516 2382 eo
534 2325 611 2383 libro
630 2344 690 2395 quo
704 2345 722 2382 a
735 2326 823 2383 nobis
841 2324 1035 2397 philosophia

140 2421 266 2480 defensa
295 2431 327 2480 et
355 2423 525 2480 collaudata
550 2430 598 2480 est
627 2442 694 2479 cum
723 2429 805 2480 esset
832 2430 971 2481 accusata
1000 2431 1034 2482 et

139 2521 310 2587 vituperata
323 2519 362 2574 ab
377 2518 552 2576 Hortensio.
591 2517 652 2589 Qui
666 2518 743 2576 liber
757 2538 827 2575 cum
841 2526 874 2577 et
890 2519 946 2576 tibi
963 2522 1041 2590 pr0·'

140 2614 228 2670 batus
244 2613 399 2671 videretur
419 2621 451 2672 et
470 2618 507 2671 iis
524 2634 598 2685 quos
618 2633 676 2685 ego
695 2633 782 2685 posse
802 2613 934 2672 iudicare
953 2616 1033 2672 arbi·

140 2716 245 2778 trarer,
268 2709 354 2779 plura
376 2713 503 2781 suscepi,
528 2714 640 2768 veritus
665 2729 705 2767 ne
730 2729 851 2767 movere
874 2709 1032 2770 hominum

140 2804 240 2861 studia
260 2804 388 2875 viderer,
408 2809 542 2863 retinere
564 2826 627 2862 non
649 2825 745 2877 posse.
790 2804 851 2876 Qui
873 2813 986 2876 autem,
1007 2812 1033 2865 si

128 2951 130 2955 ’
173 2940 260 2990 flThis
277 2940 350 2989 book
362 2957 421 2990 was
433 2942 521 2991 called
531 2943 703 3002 Hortensius,
717 2942 772 2991 and
784 2943 889 2992 formed
901 2959 937 2992 an
950 2943 1032 2995 Intro·

140 3006 249 3120 ductim?
262 3006 424 3120 totCicero’s
435 3008 633 3074 philosophica]
643 3009 776 3073 writings.
793 3009 957 3072 Fragments
969 3012 1034 3077 only

143 3088 190 3122 are
202 3089 236 3120 ex
250 3089 284 3121 an
299 3108 305 3122 .

225 3156 242 3206 2
