2310 3682
393 254 544 314 CICERO
567 254 624 312 DE
646 253 814 312 FINIBUS

160 385 280 453 doloris,
300 390 411 440 neuter
429 380 591 438 honestate
612 400 713 438 carere
733 384 844 451 potuit,
864 399 942 450 quae
965 387 1013 436 est
1034 400 1052 435 a

100 480 138 537 74
161 477 270 530 nostris
285 471 408 529 laudata
422 475 561 528 maxime.
607 469 689 540 Quin
710 474 803 527 etiam
817 473 874 540 ipsi
889 469 1050 539 voluptarii

161 561 348 620 deverticula
362 568 514 630 quaerunt
529 567 561 616 et
576 563 704 616 virtutes
719 559 835 616 habent
850 563 881 615 in
897 578 949 616 ore
969 565 1051 615 totos

160 653 226 709 dies
240 650 489 720 voluptatemque
504 648 664 706 dumtaxat
682 653 779 720 primo
800 652 904 719 expeti
923 636 1053 717 dicunt,l

161 739 274 798 deinde
285 737 506 796 consuetudine
516 741 600 808 quasi
610 737 738 794 alteram
749 737 901 808 quandam
912 744 1053 798 naturam

163 829 248 898 effici,
263 848 323 898 qua
341 825 463 898 impulsi
481 825 579 883 multa
593 814 725 883 faciant²
740 826 855 883 nullam
870 832 1053 896 quaerentes

162 918 359 987 voluptatem.
404 915 498 974 Stoici
513 922 638 972 restant.
683 916 721 972 Ei
736 915 859 985 quidem
879 935 941 971 non
960 934 1053 971 unam

162 1007 294 1076 aliquam
311 1013 365 1062 aut
381 1005 509 1062 alteram
528 994 611 1061 rem3
630 1024 649 1060 a
668 1005 766 1074 nohis,
785 1004 840 1062 sed
854 1012 953 1061 totam
966 1003 1007 1060 ad
1021 1023 1053 1059 se

163 1103 297 1153 nostram
331 1093 553 1164 philosophiam
588 1094 819 1151 transtulerunt.
878 1095 982 1164 Atque
1019 1101 1055 1149 ut

163 1184 272 1254 reliqui
286 1182 368 1239 fures
383 1203 486 1239 earum
500 1201 602 1239 rerum
616 1202 690 1253 quas
704 1190 854 1255 ceperunt
867 1187 954 1252 signa
973 1201 1055 1238 corn-

163 1279 295 1342 mutant,
307 1277 348 1328 sic
360 1270 404 1327 illi
414 1279 450 1328 ut
461 1275 623 1328 sententiis
634 1276 745 1329 nostris
756 1291 810 1344 pro
821 1276 882 1329 suis
893 1279 1056 1328 uterentur

164 1365 288 1419 nomina
303 1369 459 1431 tamquam
473 1379 574 1416 rerum
588 1368 676 1418 notas
689 1368 894 1418 mutaverunt.
941 1359 989 1417 lta
1007 1379 1055 1416 re-

163 1451 312 1521 linquitur
325 1449 388 1506 sola
402 1449 478 1505 haec
492 1448 651 1520 disciplina
662 1449 755 1520 digna
769 1450 911 1507 studiosis
925 1453 1056 1520 ingenu-

165 1559 249 1596 arum
263 1542 384 1607 artium,
399 1537 492 1608 digna
507 1537 643 1608 eruditis,
658 1538 751 1609 digna
766 1539 852 1596 claris
866 1543 947 1608 viriS,
962 1539 1057 1608 digna

166 1628 362 1699 principibus,
377 1626 471 1696 digna
484 1625 637 1695 regibus''

105 1716 143 1774 75
209 1710 296 1780 Quae
319 1730 388 1767 cum
409 1709 536 1766 dixisset
556 1709 741 1780 paulumque
756 1714 929 1781 institisset,
944 1696 1057 1781 “Quid

167 1794 258 1852 est?”
275 1797 390 1864 inquit;
406 1779 544 1849 “satisne
559 1794 643 1850 vobis
657 1793 762 1850 videor
776 1814 830 1865 pro
849 1813 918 1851 meo
937 1798 1004 1851 iure
1024 1799 1055 1850 in

167 1881 274 1935 vestris
288 1878 409 1934 auribus
424 1877 689 1933 commentatus?’'
721 1877 762 1934 Et
777 1897 850 1948 ego:
865 1864 938 1934 “Tu
954 1879 1055 1948 ver0,’'

166 1966 300 2031 inquam,
312 1947 416 2030 “Piso,
427 1967 463 2016 ut
477 1980 566 2031 saepe
581 1959 664 2030 alias,
676 1964 718 2017 sic
732 1961 823 2018 hodie
838 1966 881 2018 ita
895 1980 984 2018 nosse
999 1966 1058 2019 ista

166 2049 246 2102 visus
267 2063 299 2101 es
318 2051 363 2114 ut,
383 2048 407 2100 si
427 2047 473 2100 tui
493 2045 579 2100 nobis
598 2052 734 2114 potestas
749 2049 867 2116 saepius
882 2044 980 2115 fieret,
995 2065 1057 2102 non

166 2128 298 2184 multum
313 2127 436 2183 Graecis
451 2126 682 2196 supplicandum
697 2135 844 2198 putarem.
884 2127 976 2197 Quod
991 2133 1057 2199 qui-

167 2211 237 2268 dem
253 2229 289 2266 eo
304 2210 428 2290 probavi
440 2213 536 2279 magis
550 2214 621 2279 quia
637 2215 763 2268 memini
781 2211 918 2270 Staseam
936 2212 1057 2283 Neapo-

167 2293 306 2362 litanum,
319 2293 475 2350 doctorem
490 2292 576 2350 illum
590 2301 687 2365 tuum,
699 2295 833 2352 nobilem
847 2314 919 2352 sane
936 2295 1058 2366 Peripa-

167 2381 307 2447 teticum,
320 2376 476 2448 aliquanto
496 2381 556 2434 ista
576 2397 662 2435 secus
684 2378 785 2435 dicere
808 2378 940 2448 solitum,
955 2399 1058 2436 assen-

168 2465 298 2518 tientem
327 2465 363 2518 iis
391 2464 443 2530 qui
471 2461 602 2518 multum
631 2466 663 2517 in
693 2461 814 2518 fortuna
842 2462 977 2519 secunda
1004 2470 1058 2519 aut

149 2545 301 2613 adversa,
317 2544 448 2601 multum
466 2548 499 2600 in
520 2545 606 2601 bonis
627 2552 681 2601 aut
702 2545 788 2602 malis
809 2549 941 2616 corporis
963 2565 1057 2616 pone-

167 2627 267 2685 rent.’'
291 2613 373 2683 “Est
382 2635 417 2684 ut
426 2627 530 2697 dicis,''
541 2631 656 2698 inquit3
671 2614 751 2685 “sed
761 2628 835 2685 haec
844 2630 883 2684 ab
893 2629 1056 2700 Antiocho,

168 2710 307 2768 familiari
330 2718 444 2780 nostru,
467 2710 612 2768 dicuntur
635 2711 733 2768 multo
757 2712 866 2769 melius
892 2721 925 2770 et
949 2711 1058 2770 fortius

199 2868 210 2898 ¹
223 2872 377 2933 quaerunt.
391 2904 398 2917 .
413 2868 530 2917 habent.
544 2904 550 2917 .
565 2869 663 2917 dicunt
673 2868 831 2928 Lambinus,
847 2869 944 2917 Miiller
952 2888 959 2927 ς
977 2888 1057 2935 quae·

171 2941 239 3011 nant¹
246 2970 251 2983 .
267 2971 274 2983 .
289 2935 424 2983 habeant.
439 2968 445 2981 .
461 2935 556 2982 dicant
572 2933 662 2992 MSS„
677 2935 762 3011 Mdv,
776 2935 840 2982 with
859 2935 938 3012 mark
956 2937 987 2984 of
1000 2953 1059 2986 cor-

170 2998 957 3130 ‘¹¹l'li‘ilini'i‘i‘iueli’dyt,'iiilss‘ssffiaudiffhidf‘llit

202 3130 274 3180 ³rem
287 3129 404 3179 inserted
417 3130 453 3193 by
465 3129 496 3177 T.
513 3130 635 3194 Bentley,
650 3130 723 3179 Mdv.

251 3207 312 3270 476
