2310 3682
454 232 604 291 CICERO
626 233 684 290 DE
707 231 876 291 FINIBUS

217 342 312 413 lorem
326 359 424 426 ipsum
439 359 509 426 quia
520 354 605 412 dolor
616 357 655 412 sit
666 362 758 424 amet,
770 361 973 424 consectetur,
985 353 1112 424 adipisci

216 449 1112 522 velit,sedquianonnumquameiusmoditemporaincidunt

216 556 251 606 ut
263 547 366 605 labore
381 555 414 605 et
427 547 531 603 dolore
543 566 683 616 magnam
694 546 825 617 aliquam
836 553 962 617 quaerat
972 545 1110 617 volupta-

215 651 287 702 tem.
334 643 378 701 Ut
406 645 488 699 enim
512 642 701 699 ad·miuima
726 645 854 711 veniam,
880 645 946 712 quis
971 648 1109 699 nostrum

216 742 465 798 exercitationem
492 736 586 795 ullam
614 742 745 808 corporis
770 741 896 809 suscipit
919 737 1109 808 laboriosam,

215 840 273 893 nisi
295 841 330 892 ut
352 833 467 904 aliquid
486 853 524 891 ex
544 853 580 891 ea
599 834 748 892 commodi
768 834 988 903 consequatur?
1031 831 1108 906 Quis

214 923 317 989 autem
331 930 380 987 vel
395 950 465 988 eum
480 933 544 987 iure
559 928 792 1001 reprehenderit
801 933 893 1000 quiin
903 949 939 986 ea
950 929 1108 1001 voluptate

214 1027 288 1085 velit
303 1046 368 1085 esse
383 1045 474 1096 quam
484 1025 560 1082 nihil
571 1025 728 1083 molestiae
739 1032 950 1096 consequatur,
962 1024 1011 1083 vel
1021 1025 1108 1083 illum

213 1128 264 1195 qui
279 1123 415 1180 dolorem
430 1141 500 1180 eum
515 1120 613 1192 fugiat
627 1142 686 1192 quo
701 1121 838 1192 voluptas
852 1120 937 1178 nulla
955 1123 1108 1192 pariatur?

152 1226 190 1277 33
213 1219 341 1277 atvero
357 1237 407 1276 eos
423 1225 455 1276 et
474 1238 647 1275 accusamus
669 1225 702 1274 et
723 1221 803 1274 iusto
824 1217 893 1275 odio
915 1217 1107 1288 dignissimos

212 1315 350 1373 ducimus
361 1319 412 1385 qui
427 1312 581 1372 blanditiis
595 1317 802 1385 praesentium
816 1313 1008 1384 voluptatum
1023 1312 1107 1371 dele·

212 1415 270 1468 niti
291 1419 383 1481 atque
406 1414 540 1481 corrupti
562 1429 637 1481 quos
660 1409 779 1468 dolores
802 1416 834 1466 et
857 1428 930 1479 quas
954 1409 1108 1467 molestias

213 1509 369 1577 excepturi
394 1509 456 1562 sint
480 1509 631 1562 occaecati
656 1503 823 1575 cupiditate
848 1524 910 1561 non
935 1503 1107 1576 provident,

211 1601 361 1672 similique
380 1605 497 1660 suntin
512 1600 601 1671 culpa
621 1604 673 1670 qui
695 1601 789 1657 officia
811 1600 958 1658 deserunt
978 1600 1107 1658 mollitia

211 1702 313 1767 animi,
333 1698 365 1755 id
387 1704 434 1754 est
455 1696 592 1752 laborum
612 1703 644 1753 et
663 1695 802 1753 dolorum
816 1695 896 1766 fuga.
941 1696 982 1752 Et
997 1696 1106 1754 harum

210 1794 334 1864 quidem
348 1812 450 1851 rerum
465 1791 560 1849 facilis
575 1799 622 1848 est
637 1799 669 1849 et
684 1792 827 1863 expedita
838 1793 1001 1850 distinctio
1026 1793 1106 1851 Nam

209 1890 305 1948 libero
319 1896 467 1960 tempore,
483 1907 552 1944 cum
571 1886 669 1944 soluta
688 1888 774 1944 nobis
796 1895 843 1946 est
865 1887 999 1958 eligendi
1021 1895 1106 1961 optio

210 2005 339 2056 cumque
357 1983 433 2041 nihil
455 1983 585 2054 impedit
604 2003 663 2053 quo
686 1987 785 2041 minus
810 1984 842 2041 id
867 1982 948 2055 quod
973 1989 1104 2044 maxime

209 2081 328 2153 placeat
348 2079 447 2136 facere
466 2083 623 2149 possimus,
641 2084 738 2136 omnis
761 2080 899 2151 voluptas
922 2082 1104 2140 assumenda

209 2184 266 2247 est,
291 2179 388 2233 omnis
414 2174 500 2232 dolor
523 2174 726 2246 repellendus.
771 2176 970 2249 Temporibus
998 2184 1104 2237 autem

208 2270 387 2342 quibusdam
402 2277 435 2327 et
449 2277 502 2327 aut
516 2271 617 2328 officiis
632 2271 743 2329 debitis
757 2279 811 2329 aut
825 2291 925 2329 rerum
940 2277 1103 2331 necessita·

207 2362 288 2424 tibus
303 2385 393 2436 saepe
409 2370 531 2424 eveniet
546 2374 580 2424 ut
595 2374 628 2424 et
642 2367 813 2439 voluptates
824 2366 1030 2438 repudiandae
1042 2374 1104 2429 sint

208 2470 240 2520 et
260 2461 416 2519 molestiae
431 2482 493 2518 non
507 2463 699 2520 recusandae.
746 2462 853 2533 Itaque
875 2482 979 2519 earum
1001 2484 1102 2524 rerum

206 2558 257 2614 hic
281 2564 406 2615 tenetur
430 2579 447 2614 a
472 2563 610 2631 sapiente
639 2558 777 2616 delectus
802 2565 838 2616 ut
862 2566 915 2617 aut
940 2562 1102 2621 reiciendis

206 2649 411 2724 voluptatibus
420 2659 547 2712 maiores
556 2653 628 2711 alias
637 2662 839 2723 consequatur
847 2661 900 2711 aut
910 2655 1101 2726 perferendis

206 2749 358 2807 doloribus
372 2754 538 2821 asperiores
551 2747 689 2820 repellat.

145 2851 183 2901 34
247 2830 379 2902 “Hanc
396 2865 454 2916 ego
482 2866 551 2902 cum
579 2851 702 2902 teneam
730 2849 925 2917 sententiam,
949 2847 1022 2916 quid
1051 2859 1099 2910 est

95 2975 98 2981 -
205 2954 258 2991 cur
282 2953 387 2991 verear
411 2953 450 2990 ne
475 2933 514 2991 ad
540 2952 607 2989 eam
637 2951 698 2989 non
730 2937 841 3004 possim
870 2937 1098 2999 accommodare

204 3023 385 3093 Torquatos
399 3022 535 3078 nostros?
568 3039 642 3090 quos
667 3027 702 3078 tu
727 3022 816 3092 paulo
841 3030 913 3080 ante
939 3043 1007 3080 cum
1032 3047 1097 3087 me-

204 3115 329 3169 moriter
357 3117 423 3166 tum
451 3113 544 3166 etiam
572 3129 645 3179 erga
672 3130 727 3168 nos
754 3116 850 3169 amice
880 3119 913 3169 et
947 3113 1096 3177 benevole

288 3192 326 3252 36
