2310 3682
447 241 598 301 CICERO
622 242 679 300 DE
701 242 870 301 FINIBUS

110 411 114 419 ·
143 387 146 392 ’
211 385 275 434 tam
290 377 380 435 valde
400 377 630 449 perhorrescere
651 365 747 448 (quod
760 364 856 434 item1
871 385 919 434 est
937 377 1105 448 reprehen-

212 479 348 536 dendum
373 483 405 535 in
434 467 570 548 dolore);
600 472 654 537 sed
683 484 754 550 quia
778 479 843 537 fere
867 483 909 537 sic
934 480 1106 536 afficiuntur

212 601 328 652 omnes,
342 585 414 638 satis
435 586 607 651 argumenti
629 590 677 639 est
698 582 736 638 ab
753 586 880 639 interitu
897 589 1039 638 naturam
1052 581 1105 637 ab·

212 682 354 751 horrere;
375 683 468 752 idque
482 701 543 752 quo
556 687 652 753 magis
664 684 787 754 quidam
801 688 844 740 ita
858 683 976 740 faciunt
989 691 1025 739 ut
1039 687 1103 739 iure

214 789 306 842 etiarn
321 784 596 855 reprehendantur,
611 784 671 841 hoc¹
683 790 779 855 magis
797 785 1043 854 intellegendum
1058 790 1104 840 est

214 886 289 944 haec
304 890 369 957 ipsa
383 890 476 942 nimia
493 891 525 942 in
541 887 721 956 quibusdam
741 887 844 944 futura
857 906 919 943 non
939 885 1032 943 fuisse
1047 888 1104 940 nisi

213 986 362 1058 quaedam
392 995 495 1044 essent
523 988 642 1044 modica
671 996 786 1045 natura.
842 988 908 1044 Nec
937 1006 1008 1044 vero
1037 986 1104 1044 dico

216 1109 320 1146 eorum
335 1097 453 1146 metum
468 1093 574 1146 mortis
588 1094 650 1160 qui,
666 1094 736 1160 quia
750 1094 860 1160 privari
875 1109 907 1147 se
922 1092 1004 1145 vitae
1018 1089 1104 1144 bonis

213 1190 399 1246 arbitrentur
409 1197 463 1246 aut
472 1193 543 1259 quia
553 1190 698 1259 quasdam
709 1197 915 1260 postmortem
927 1188 1104 1246 formidines

215 1294 417 1347 extimescant
431 1297 484 1347 aut
499 1279 543 1347 si²
557 1298 698 1347 metuant
712 1310 752 1347 ne
767 1310 836 1347 cum
851 1290 954 1347 dolore
974 1295 1103 1346 morian-

213 1400 273 1461 tur,
289 1391 401 1448 idcirco
422 1399 552 1448 mortem
574 1391 714 1461 fugiant3
735 1397 767 1448 in
789 1395 887 1463 parvis
909 1395 992 1448 enim
1014 1411 1105 1462 saepe

213 1498 265 1564 qui
289 1493 365 1549 nihil
392 1513 497 1550 eorum
523 1498 671 1563 cogitant,
697 1498 721 1550 si
747 1480 869 1564 quando
897 1497 933 1549 iis
961 1492 1105 1550 ludentes

213 1599 363 1651 minamur
372 1598 621 1665 praecipitaturos
630 1594 781 1664 alicunde,
791 1598 1004 1652 extimescunt.
1022 1592 1104 1664 Quin

215 1701 308 1753 etiam
323 1682 442 1765 ‘ferae,’
458 1700 559 1765 inquit
575 1695 730 1765 PacuviuS,

215 1784 341 1867 ‘quibus
355 1797 442 1853 abest
452 1797 491 1853 ad
506 1797 748 1867 praecavendum
759 1795 962 1868 intellegendi
973 1796 1104 1866 astutia,'

154 1903 192 1953 32
215 1901 328 1955 iniecto
343 1905 458 1955 terrore
474 1901 579 1955 mortis
595 1884 811 1954 ‘horrescunt'
856 1895 932 1967 Quis
947 1906 1052 1955 autem
1067 1897 1105 1954 de

214 2004 279 2070 ipso
292 2004 430 2071 sapiente
445 1999 534 2057 aliter
549 2003 703 2056 existimat
718 2003 801 2070 quin,
817 2003 909 2056 etiam
921 2018 991 2055 curn
1002 2000 1107 2056 decre-

215 2106 293 2158 verit
312 2121 378 2158 esse
397 2100 599 2170 moriendum,
615 2109 719 2157 tamen
741 2100 875 2157 discessu
896 2120 914 2156 a
935 2105 996 2157 suis
1013 2109 1106 2171 atque

214 2206 280 2272 ipsa
304 2201 505 2272 relinquenda
530 2201 599 2258 luce
624 2203 802 2258 moveatur?
847 2202 981 2258 Maxime
1002 2210 1106 2260 autem

214 2307 246 2360 in
262 2303 320 2360 hoc
334 2304 458 2374 quidem
472 2323 587 2374 genere
602 2307 646 2360 vis
658 2311 705 2361 est
719 2307 877 2374 perspicua
888 2310 1026 2374 naturae,
1039 2324 1107 2361 cum

216 2413 248 2462 et
270 2405 501 2462 mendicitatem
524 2404 614 2461 multi
637 2409 852 2476 perpetiantur
877 2412 912 2461 ut
937 2409 1052 2475 vivant,
1075 2413 1107 2462 et

216 2515 368 2576 angantur
388 2510 681 2577 appropinquatione
695 2510 801 2563 mortis
816 2505 948 2563 confecti
967 2505 1108 2564 homines

216 2615 388 2677 senectute,
400 2615 432 2665 et
446 2627 483 2664 ea
497 2607 654 2678 perferant
665 2626 742 2677 quae
756 2606 958 2664 Philoctetam
969 2585 1108 2665 videmus

216 2712 248 2764 in
263 2708 391 2777 fabulis;
413 2713 548 2779 quicum
564 2713 748 2766 cruciaretur
758 2705 824 2765 'non
843 2708 977 2766 ferendis
998 2709 1108 2767 dolori-

219 2811 283 2880 buS,
303 2813 490 2882 propagabat
510 2818 613 2867 tamen
634 2814 728 2868 vitam
748 2814 895 2882 aucupi0;
917 2797 1110 2882 ‘configebat

217 2912 321 2969 tardus
341 2911 465 2982 celeres,
481 2919 564 2968 stans
584 2911 740 2982 volantes,'
757 2920 792 2969 ut
811 2911 893 2982 apud
907 2912 1031 2970 Attium
1052 2921 1109 2984 est,

448 3051 546 3099 ¹item:
559 3050 632 3098 Mdv.
648 3051 717 3117 conj.
733 3053 810 3101 idem.

446 3113 505 3164 ²si:
523 3116 619 3164 Miiller
630 3115 701 3182 conj.
715 3118 789 3181 quia.

300 3191 361 3251 426
