<?xml version="1.0" encoding="UTF-8"?>
<!DOCTYPE html PUBLIC "-//W3C//DTD XHTML 1.0 Transitional//EN"
    "http://www.w3.org/TR/xhtml1/DTD/xhtml1-transitional.dtd">
<html xmlns="http://www.w3.org/1999/xhtml" xml:lang="en" lang="en">
 <head>
  <title>
</title>
<meta http-equiv="Content-Type" content="text/html;charset=utf-8" />
  <meta name='ocr-system' content='tesseract 3.04.00' />
  <meta name='ocr-capabilities' content='ocr_page ocr_carea ocr_par ocr_line ocrx_word'/>
</head>
<body>
  <div class='ocr_page' id='page_1' title='image "./definibusbonoru02cicegoog_0503.png"; bbox 0 0 2310 3682; ppageno 0'>
   <div class='ocr_carea' id='block_1_1' title="bbox 450 240 871 300">
    <p class='ocr_par' dir='ltr' id='par_1_1' title="bbox 450 240 871 300">
     <span class='ocr_line' id='line_1_1' title="bbox 450 240 871 300; baseline 0 0"><span class='ocrx_word' id='word_1_1' title='bbox 450 241 600 300; x_wconf 87' lang='lat' dir='ltr'>CICERO</span> <span class='ocrx_word' id='word_1_2' title='bbox 623 240 681 298; x_wconf 92' lang='lat' dir='ltr'>DE</span> <span class='ocrx_word' id='word_1_3' title='bbox 703 240 871 300; x_wconf 90' lang='lat' dir='ltr'><strong>FINIBUS</strong></span> 
     </span>
    </p>
   </div>
   <div class='ocr_carea' id='block_1_2' title="bbox 158 361 1109 2436">
    <p class='ocr_par' dir='ltr' id='par_1_2' title="bbox 158 361 1109 2436">
     <span class='ocr_line' id='line_1_2' title="bbox 215 361 1107 434; baseline -0.002 -12"><span class='ocrx_word' id='word_1_4' title='bbox 215 369 346 422; x_wconf 84' lang='lat' dir='ltr'><strong>maxime</strong></span> <span class='ocrx_word' id='word_1_5' title='bbox 356 372 486 422; x_wconf 88' lang='lat' dir='ltr'>nostrae.</span> <span class='ocrx_word' id='word_1_6' title='bbox 521 362 585 420; x_wconf 93' lang='lat' dir='ltr'>Nos</span> <span class='ocrx_word' id='word_1_7' title='bbox 596 367 677 421; x_wconf 90' lang='lat' dir='ltr'>enim</span> <span class='ocrx_word' id='word_1_8' title='bbox 686 363 725 420; x_wconf 91' lang='lat' dir='ltr'>ad</span> <span class='ocrx_word' id='word_1_9' title='bbox 734 382 817 420; x_wconf 88' lang='lat' dir='ltr'>sacra</span> <span class='ocrx_word' id='word_1_10' title='bbox 829 361 921 420; x_wconf 88' lang='lat' dir='ltr'>Idaea</span> <span class='ocrx_word' id='word_1_11' title='bbox 929 363 1107 434; x_wconf 88' lang='lat' dir='ltr'>accipienda</span> 
     </span>
     <span class='ocr_line' id='line_1_3' title="bbox 158 447 1107 520; baseline -0.003 -14"><span class='ocrx_word' id='word_1_12' title='bbox 158 471 170 490; x_wconf 93' lang='lat'><strong>·</strong></span> <span class='ocrx_word' id='word_1_13' title='bbox 216 453 366 520; x_wconf 82' lang='lat' dir='ltr'>optImum</span> <span class='ocrx_word' id='word_1_14' title='bbox 377 453 474 505; x_wconf 90' lang='lat' dir='ltr'>virum</span> <span class='ocrx_word' id='word_1_15' title='bbox 485 447 655 518; x_wconf 85' lang='lat' dir='ltr'>delegimus</span> <span class='ocrx_word' id='word_1_16' title='bbox 666 467 673 515; x_wconf 94' lang='lat'>;</span> <span class='ocrx_word' id='word_1_17' title='bbox 694 467 749 504; x_wconf 93' lang='lat' dir='ltr'>nos</span> <span class='ocrx_word' id='word_1_18' title='bbox 763 454 880 505; x_wconf 90' lang='lat' dir='ltr'>tutores</span> <span class='ocrx_word' id='word_1_19' title='bbox 891 448 1015 516; x_wconf 82' lang='lat' dir='ltr'>regibus</span> <span class='ocrx_word' id='word_1_20' title='bbox 1026 451 1107 504; x_wconf 91' lang='lat' dir='ltr'>misi-</span> 
     </span>
     <span class='ocr_line' id='line_1_4' title="bbox 216 531 1107 602; baseline -0.001 -13"><span class='ocrx_word' id='word_1_21' title='bbox 216 552 284 589; x_wconf 89' lang='lat' dir='ltr'>mus</span> <span class='ocrx_word' id='word_1_22' title='bbox 295 551 302 599; x_wconf 92' lang='grc'><strong>;</strong></span> <span class='ocrx_word' id='word_1_23' title='bbox 323 536 420 589; x_wconf 85' lang='lat' dir='ltr'>nostri</span> <span class='ocrx_word' id='word_1_24' title='bbox 430 536 627 602; x_wconf 79' lang='lat' dir='ltr'>Imperatores</span> <span class='ocrx_word' id='word_1_25' title='bbox 638 550 693 602; x_wconf 91' lang='lat' dir='ltr'>pro</span> <span class='ocrx_word' id='word_1_26' title='bbox 703 531 801 589; x_wconf 89' lang='lat' dir='ltr'>salute</span> <span class='ocrx_word' id='word_1_27' title='bbox 816 534 932 602; x_wconf 81' lang='lat' dir='ltr'>patriae</span> <span class='ocrx_word' id='word_1_28' title='bbox 943 550 996 587; x_wconf 89' lang='lat' dir='ltr'>sua</span> <span class='ocrx_word' id='word_1_29' title='bbox 1008 535 1107 601; x_wconf 89' lang='lat' dir='ltr'>capita</span> 
     </span>
     <span class='ocr_line' id='line_1_5' title="bbox 216 614 1106 684; baseline -0.002 -12"><span class='ocrx_word' id='word_1_30' title='bbox 216 623 383 684; x_wconf 82' lang='lat' dir='ltr'>voverunt3</span> <span class='ocrx_word' id='word_1_31' title='bbox 425 618 521 672; x_wconf 82' lang='lat' dir='ltr'><strong>nostri</strong></span> <span class='ocrx_word' id='word_1_32' title='bbox 557 614 695 671; x_wconf 88' lang='lat' dir='ltr'>consules</span> <span class='ocrx_word' id='word_1_33' title='bbox 731 634 838 684; x_wconf 86' lang='lat' dir='ltr'>regem</span> <span class='ocrx_word' id='word_1_34' title='bbox 866 617 1106 672; x_wconf 91' lang='lat' dir='ltr'>inimicissimum</span> 
     </span>
     <span class='ocr_line' id='line_1_6' title="bbox 216 700 1107 769; baseline -0.001 -14"><span class='ocrx_word' id='word_1_35' title='bbox 216 700 376 756; x_wconf 93' lang='lat' dir='ltr'>moenibus</span> <span class='ocrx_word' id='word_1_36' title='bbox 389 701 450 755; x_wconf 90' lang='lat' dir='ltr'>iam</span> <span class='ocrx_word' id='word_1_37' title='bbox 460 701 754 769; x_wconf 83' lang='lat' dir='ltr'>appropinquantem</span> <span class='ocrx_word' id='word_1_38' title='bbox 766 705 951 755; x_wconf 90' lang='lat' dir='ltr'>monuerunt</span> <span class='ocrx_word' id='word_1_39' title='bbox 961 717 979 754; x_wconf 90' lang='lat' dir='ltr'>a</span> <span class='ocrx_word' id='word_1_40' title='bbox 988 717 1107 755; x_wconf 88' lang='lat' dir='ltr'>veneno</span> 
     </span>
     <span class='ocr_line' id='line_1_7' title="bbox 217 781 1107 852; baseline -0.002 -13"><span class='ocrx_word' id='word_1_41' title='bbox 217 789 253 839; x_wconf 93' lang='lat' dir='ltr'>ut</span> <span class='ocrx_word' id='word_1_42' title='bbox 275 789 414 850; x_wconf 82' lang='lat' dir='ltr'>caveret3</span> <span class='ocrx_word' id='word_1_43' title='bbox 436 789 539 838; x_wconf 91' lang='lat' dir='ltr'>nostra</span> <span class='ocrx_word' id='word_1_44' title='bbox 561 785 591 836; x_wconf 94' lang='lat' dir='ltr'>in</span> <span class='ocrx_word' id='word_1_45' title='bbox 615 800 648 838; x_wconf 90' lang='lat' dir='ltr'>re</span> <span class='ocrx_word' id='word_1_46' title='bbox 671 781 792 852; x_wconf 91' lang='lat' dir='ltr'>publica</span> <span class='ocrx_word' id='word_1_47' title='bbox 817 789 850 838; x_wconf 89' lang='lat' dir='ltr'>et</span> <span class='ocrx_word' id='word_1_48' title='bbox 872 801 950 851; x_wconf 89' lang='lat' dir='ltr'>quae</span> <span class='ocrx_word' id='word_1_49' title='bbox 970 800 1026 852; x_wconf 91' lang='lat' dir='ltr'>per</span> <span class='ocrx_word' id='word_1_50' title='bbox 1045 785 1107 837; x_wconf 91' lang='lat' dir='ltr'>vim</span> 
     </span>
     <span class='ocr_line' id='line_1_8' title="bbox 217 857 1107 935; baseline -0.001 -13"><span class='ocrx_word' id='word_1_51' title='bbox 217 865 352 922; x_wconf 91' lang='lat' dir='ltr'>oblatum</span> <span class='ocrx_word' id='word_1_52' title='bbox 375 872 513 935; x_wconf 86' lang='lat' dir='ltr'>stuprum</span> <span class='ocrx_word' id='word_1_53' title='bbox 539 864 708 921; x_wconf 89' lang='lat' dir='ltr'>voluntaria</span> <span class='ocrx_word' id='word_1_54' title='bbox 732 872 830 922; x_wconf 89' lang='lat' dir='ltr'>morte</span> <span class='ocrx_word' id='word_1_55' title='bbox 856 865 956 922; x_wconf 91' lang='lat' dir='ltr'>lueret</span> <span class='ocrx_word' id='word_1_56' title='bbox 980 857 1107 922; x_wconf 77' lang='lat' dir='ltr'>inventa</span> 
     </span>
     <span class='ocr_line' id='line_1_9' title="bbox 219 947 1107 1020; baseline -0.001 -15"><span class='ocrx_word' id='word_1_57' title='bbox 219 955 267 1005; x_wconf 91' lang='lat' dir='ltr'>est</span> <span class='ocrx_word' id='word_1_58' title='bbox 288 956 321 1005; x_wconf 91' lang='lat' dir='ltr'>et</span> <span class='ocrx_word' id='word_1_59' title='bbox 342 953 394 1020; x_wconf 91' lang='lat' dir='ltr'>qui</span> <span class='ocrx_word' id='word_1_60' title='bbox 416 948 508 1004; x_wconf 87' lang='lat' dir='ltr'>liliam</span> <span class='ocrx_word' id='word_1_61' title='bbox 529 947 716 1005; x_wconf 88' lang='lat' dir='ltr'>interficeret</span> <span class='ocrx_word' id='word_1_62' title='bbox 735 967 774 1005; x_wconf 91' lang='lat' dir='ltr'>ne</span> <span class='ocrx_word' id='word_1_63' title='bbox 796 955 1004 1018; x_wconf 90' lang='lat' dir='ltr'>stupraretur;</span> <span class='ocrx_word' id='word_1_64' title='bbox 1030 967 1107 1019; x_wconf 90' lang='lat' dir='ltr'>quae</span> 
     </span>
     <span class='ocr_line' id='line_1_10' title="bbox 219 1031 1108 1102; baseline 0.001 -14"><span class='ocrx_word' id='word_1_65' title='bbox 219 1031 343 1102; x_wconf 90' lang='lat' dir='ltr'>quidem</span> <span class='ocrx_word' id='word_1_66' title='bbox 362 1035 463 1088; x_wconf 88' lang='lat' dir='ltr'>omnia</span> <span class='ocrx_word' id='word_1_67' title='bbox 482 1038 515 1088; x_wconf 92' lang='lat' dir='ltr'>et</span> <span class='ocrx_word' id='word_1_68' title='bbox 533 1031 765 1088; x_wconf 83' lang='lat' dir='ltr'>innumerabilia</span> <span class='ocrx_word' id='word_1_69' title='bbox 786 1039 945 1102; x_wconf 87' lang='lat' dir='ltr'>praeterea</span> <span class='ocrx_word' id='word_1_70' title='bbox 968 1036 1035 1102; x_wconf 90' lang='lat' dir='ltr'>quis</span> <span class='ocrx_word' id='word_1_71' title='bbox 1061 1039 1108 1089; x_wconf 92' lang='lat' dir='ltr'>est</span> 
     </span>
     <span class='ocr_line' id='line_1_11' title="bbox 218 1114 1108 1186; baseline 0.002 -15"><span class='ocrx_word' id='word_1_72' title='bbox 218 1120 292 1185; x_wconf 91' lang='lat' dir='ltr'>quin</span> <span class='ocrx_word' id='word_1_73' title='bbox 301 1114 463 1186; x_wconf 86' lang='lat' dir='ltr'>intellegat</span> <span class='ocrx_word' id='word_1_74' title='bbox 474 1122 507 1171; x_wconf 90' lang='lat' dir='ltr'>et</span> <span class='ocrx_word' id='word_1_75' title='bbox 516 1134 567 1173; x_wconf 89' lang='lat' dir='ltr'>eos</span> <span class='ocrx_word' id='word_1_76' title='bbox 576 1117 628 1185; x_wconf 94' lang='lat' dir='ltr'>qui</span> <span class='ocrx_word' id='word_1_77' title='bbox 638 1114 769 1172; x_wconf 86' lang='lat' dir='ltr'>fecerint</span> <span class='ocrx_word' id='word_1_78' title='bbox 778 1115 937 1185; x_wconf 85' lang='lat' dir='ltr'>dignitatis</span> <span class='ocrx_word' id='word_1_79' title='bbox 945 1115 1108 1186; x_wconf 88' lang='lat' dir='ltr'>splendore</span> 
     </span>
     <span class='ocr_line' id='line_1_12' title="bbox 219 1198 1107 1270; baseline 0.001 -15"><span class='ocrx_word' id='word_1_80' title='bbox 219 1199 326 1255; x_wconf 92' lang='lat' dir='ltr'>ductos</span> <span class='ocrx_word' id='word_1_81' title='bbox 343 1203 535 1256; x_wconf 88' lang='lat' dir='ltr'>immemores</span> <span class='ocrx_word' id='word_1_82' title='bbox 551 1198 645 1256; x_wconf 83' lang='lat' dir='ltr'>fuisse</span> <span class='ocrx_word' id='word_1_83' title='bbox 663 1199 832 1256; x_wconf 88' lang='lat' dir='ltr'>utilitatum</span> <span class='ocrx_word' id='word_1_84' title='bbox 852 1218 972 1256; x_wconf 90' lang='lat' dir='ltr'>suarum</span> <span class='ocrx_word' id='word_1_85' title='bbox 991 1219 1107 1270; x_wconf 90' lang='lat' dir='ltr'>nosque</span> 
     </span>
     <span class='ocr_line' id='line_1_13' title="bbox 219 1281 1077 1340; baseline 0.001 -2"><span class='ocrx_word' id='word_1_86' title='bbox 219 1301 288 1338; x_wconf 92' lang='lat' dir='ltr'>cum</span> <span class='ocrx_word' id='word_1_87' title='bbox 299 1302 335 1338; x_wconf 91' lang='lat' dir='ltr'>ea</span> <span class='ocrx_word' id='word_1_88' title='bbox 345 1281 503 1340; x_wconf 88' lang='lat' dir='ltr'>laudemus</span> <span class='ocrx_word' id='word_1_89' title='bbox 517 1281 601 1338; x_wconf 93' lang='lat' dir='ltr'>nulla</span> <span class='ocrx_word' id='word_1_90' title='bbox 615 1281 673 1337; x_wconf 85' lang='lat' dir='ltr'>alia</span> <span class='ocrx_word' id='word_1_91' title='bbox 687 1300 720 1338; x_wconf 98' lang='lat' dir='ltr'>re</span> <span class='ocrx_word' id='word_1_92' title='bbox 734 1286 793 1339; x_wconf 91' lang='lat' dir='ltr'>nisi</span> <span class='ocrx_word' id='word_1_93' title='bbox 806 1281 968 1339; x_wconf 88' lang='lat' dir='ltr'>honestate</span> <span class='ocrx_word' id='word_1_94' title='bbox 983 1282 1077 1340; x_wconf 83' lang='lat' dir='ltr'>duci?</span> 
     </span>
     <span class='ocr_line' id='line_1_14' title="bbox 261 1351 1108 1436; baseline 0.002 -16"><span class='ocrx_word' id='word_1_95' title='bbox 261 1364 380 1421; x_wconf 90' lang='lat' dir='ltr'><strong>XXIII.</strong></span> <span class='ocrx_word' id='word_1_96' title='bbox 414 1351 558 1435; x_wconf 81' lang='lat' dir='ltr'>“Quibus</span> <span class='ocrx_word' id='word_1_97' title='bbox 586 1366 676 1422; x_wconf 91' lang='lat' dir='ltr'>rebus</span> <span class='ocrx_word' id='word_1_98' title='bbox 704 1366 839 1422; x_wconf 88' lang='lat' dir='ltr'>breviter</span> <span class='ocrx_word' id='word_1_99' title='bbox 867 1370 1012 1436; x_wconf 81' lang='lat' dir='ltr'>expositIs</span> <span class='ocrx_word' id='word_1_100' title='bbox 1037 1353 1108 1434; x_wconf 90' lang='lat' dir='ltr'>(nec</span> 
     </span>
     <span class='ocr_line' id='line_1_15' title="bbox 220 1448 1108 1519; baseline 0.002 -15"><span class='ocrx_word' id='word_1_101' title='bbox 220 1452 302 1504; x_wconf 92' lang='lat' dir='ltr'>enim</span> <span class='ocrx_word' id='word_1_102' title='bbox 320 1468 386 1505; x_wconf 89' lang='lat' dir='ltr'>sum</span> <span class='ocrx_word' id='word_1_103' title='bbox 406 1451 523 1518; x_wconf 91' lang='lat' dir='ltr'>copiam</span> <span class='ocrx_word' id='word_1_104' title='bbox 542 1467 633 1517; x_wconf 89' lang='lat' dir='ltr'>quam</span> <span class='ocrx_word' id='word_1_105' title='bbox 652 1453 748 1519; x_wconf 92' lang='lat' dir='ltr'>potui,</span> <span class='ocrx_word' id='word_1_106' title='bbox 764 1453 833 1519; x_wconf 89' lang='lat' dir='ltr'>quia</span> <span class='ocrx_word' id='word_1_107' title='bbox 852 1448 1004 1507; x_wconf 87' lang='lat' dir='ltr'>dubitatio</span> <span class='ocrx_word' id='word_1_108' title='bbox 1022 1453 1056 1507; x_wconf 91' lang='lat' dir='ltr'>in</span> <span class='ocrx_word' id='word_1_109' title='bbox 1068 1469 1108 1512; x_wconf 83' lang='lat' dir='ltr'>,re</span> 
     </span>
     <span class='ocr_line' id='line_1_16' title="bbox 219 1518 1109 1602; baseline 0.002 -14"><span class='ocrx_word' id='word_1_110' title='bbox 219 1531 303 1588; x_wconf 92' lang='lat' dir='ltr'>nulla</span> <span class='ocrx_word' id='word_1_111' title='bbox 331 1538 406 1601; x_wconf 86' lang='lat' dir='ltr'>erat,</span> <span class='ocrx_word' id='word_1_112' title='bbox 428 1518 628 1602; x_wconf 86' lang='lat' dir='ltr'>persecutus),</span> <span class='ocrx_word' id='word_1_113' title='bbox 651 1533 704 1590; x_wconf 92' lang='lat' dir='ltr'>sed</span> <span class='ocrx_word' id='word_1_114' title='bbox 730 1532 777 1589; x_wconf 90' lang='lat' dir='ltr'>his</span> <span class='ocrx_word' id='word_1_115' title='bbox 801 1533 892 1590; x_wconf 92' lang='lat' dir='ltr'>rebus</span> <span class='ocrx_word' id='word_1_116' title='bbox 917 1532 1109 1590; x_wconf 86' lang='lat' dir='ltr'>concluditur</span> 
     </span>
     <span class='ocr_line' id='line_1_17' title="bbox 219 1614 1108 1687; baseline 0.004 -16"><span class='ocrx_word' id='word_1_117' title='bbox 219 1614 357 1686; x_wconf 84' lang='lat' dir='ltr'>prolecto</span> <span class='ocrx_word' id='word_1_118' title='bbox 372 1621 405 1672; x_wconf 93' lang='lat' dir='ltr'>et</span> <span class='ocrx_word' id='word_1_119' title='bbox 424 1618 552 1671; x_wconf 90' lang='lat' dir='ltr'>virtutes</span> <span class='ocrx_word' id='word_1_120' title='bbox 571 1634 676 1672; x_wconf 90' lang='lat' dir='ltr'>omnes</span> <span class='ocrx_word' id='word_1_121' title='bbox 696 1622 729 1677; x_wconf 88' lang='lat' dir='ltr'>et</span> <span class='ocrx_word' id='word_1_122' title='bbox 748 1615 911 1673; x_wconf 90' lang='lat' dir='ltr'>honestum</span> <span class='ocrx_word' id='word_1_123' title='bbox 930 1615 1007 1674; x_wconf 92' lang='lat' dir='ltr'>illud</span> <span class='ocrx_word' id='word_1_124' title='bbox 1027 1616 1108 1687; x_wconf 92' lang='lat' dir='ltr'>quod</span> 
     </span>
     <span class='ocr_line' id='line_1_18' title="bbox 220 1697 1105 1770; baseline 0.001 -15"><span class='ocrx_word' id='word_1_125' title='bbox 220 1718 258 1755; x_wconf 86' lang='lat' dir='ltr'>ex</span> <span class='ocrx_word' id='word_1_126' title='bbox 272 1703 308 1755; x_wconf 91' lang='lat' dir='ltr'>iis</span> <span class='ocrx_word' id='word_1_127' title='bbox 319 1702 415 1755; x_wconf 90' lang='lat' dir='ltr'>oritur</span> <span class='ocrx_word' id='word_1_128' title='bbox 426 1702 501 1755; x_wconf 91' lang='lat' dir='ltr'>etin</span> <span class='ocrx_word' id='word_1_129' title='bbox 512 1697 572 1754; x_wconf 89' lang='lat' dir='ltr'>illis</span> <span class='ocrx_word' id='word_1_130' title='bbox 583 1697 690 1756; x_wconf 88' lang='lat' dir='ltr'>haeret</span> <span class='ocrx_word' id='word_1_131' title='bbox 700 1719 756 1770; x_wconf 90' lang='lat' dir='ltr'>per</span> <span class='ocrx_word' id='word_1_132' title='bbox 767 1719 799 1756; x_wconf 92' lang='lat' dir='ltr'>se</span> <span class='ocrx_word' id='word_1_133' title='bbox 811 1718 876 1757; x_wconf 89' lang='lat' dir='ltr'>esse</span> <span class='ocrx_word' id='word_1_134' title='bbox 889 1699 1105 1770; x_wconf 89' lang='lat' dir='ltr'>expetendum.</span> 
     </span>
     <span class='ocr_line' id='line_1_19' title="bbox 159 1778 1107 1853; baseline 0.003 -15"><span class='ocrx_word' id='word_1_135' title='bbox 159 1778 197 1839; x_wconf 86' lang='lat'>65</span> <span class='ocrx_word' id='word_1_136' title='bbox 222 1781 257 1838; x_wconf 90' lang='lat' dir='ltr'>Iu</span> <span class='ocrx_word' id='word_1_137' title='bbox 278 1786 361 1838; x_wconf 89' lang='lat' dir='ltr'>omni</span> <span class='ocrx_word' id='word_1_138' title='bbox 379 1788 483 1838; x_wconf 88' lang='lat' dir='ltr'>autem</span> <span class='ocrx_word' id='word_1_139' title='bbox 502 1781 632 1839; x_wconf 91' lang='lat' dir='ltr'>honesto</span> <span class='ocrx_word' id='word_1_140' title='bbox 652 1782 691 1839; x_wconf 94' lang='lat' dir='ltr'>de</span> <span class='ocrx_word' id='word_1_141' title='bbox 712 1779 771 1852; x_wconf 89' lang='lat' dir='ltr'>quo</span> <span class='ocrx_word' id='word_1_142' title='bbox 790 1782 941 1853; x_wconf 91' lang='lat' dir='ltr'>loquimur</span> <span class='ocrx_word' id='word_1_143' title='bbox 960 1782 1038 1840; x_wconf 88' lang='lat' dir='ltr'>nihi]</span> <span class='ocrx_word' id='word_1_144' title='bbox 1062 1791 1107 1841; x_wconf 87' lang='lat' dir='ltr'>est</span> 
     </span>
     <span class='ocr_line' id='line_1_20' title="bbox 219 1865 1107 1936; baseline 0.002 -15"><span class='ocrx_word' id='word_1_145' title='bbox 219 1872 283 1921; x_wconf 87' lang='lat' dir='ltr'>tam</span> <span class='ocrx_word' id='word_1_146' title='bbox 297 1865 415 1922; x_wconf 88' lang='lat' dir='ltr'>illustre</span> <span class='ocrx_word' id='word_1_147' title='bbox 430 1885 488 1921; x_wconf 91' lang='lat' dir='ltr'>nec</span> <span class='ocrx_word' id='word_1_148' title='bbox 503 1865 584 1935; x_wconf 92' lang='lat' dir='ltr'>quod</span> <span class='ocrx_word' id='word_1_149' title='bbox 599 1865 690 1922; x_wconf 88' lang='lat' dir='ltr'>latius</span> <span class='ocrx_word' id='word_1_150' title='bbox 704 1873 809 1936; x_wconf 90' lang='lat' dir='ltr'>pateat</span> <span class='ocrx_word' id='word_1_151' title='bbox 823 1885 914 1936; x_wconf 93' lang='lat' dir='ltr'>quam</span> <span class='ocrx_word' id='word_1_152' title='bbox 934 1871 1107 1924; x_wconf 90' lang='lat' dir='ltr'>coniunctio</span> 
     </span>
     <span class='ocr_line' id='line_1_21' title="bbox 219 1948 1108 2019; baseline 0.004 -15"><span class='ocrx_word' id='word_1_153' title='bbox 219 1953 301 2005; x_wconf 89' lang='lat' dir='ltr'>inter</span> <span class='ocrx_word' id='word_1_154' title='bbox 319 1948 458 2005; x_wconf 90' lang='lat' dir='ltr'>homines</span> <span class='ocrx_word' id='word_1_155' title='bbox 478 1948 635 2006; x_wconf 91' lang='lat' dir='ltr'>hominum</span> <span class='ocrx_word' id='word_1_156' title='bbox 656 1957 688 2006; x_wconf 90' lang='lat' dir='ltr'>et</span> <span class='ocrx_word' id='word_1_157' title='bbox 707 1953 791 2019; x_wconf 88' lang='lat' dir='ltr'>quasi</span> <span class='ocrx_word' id='word_1_158' title='bbox 811 1949 961 2019; x_wconf 85' lang='lat' dir='ltr'>quaedam</span> <span class='ocrx_word' id='word_1_159' title='bbox 980 1954 1108 2008; x_wconf 82' lang='lat' dir='ltr'>societas</span> 
     </span>
     <span class='ocr_line' id='line_1_22' title="bbox 220 2032 1107 2104; baseline 0.003 -16"><span class='ocrx_word' id='word_1_160' title='bbox 220 2040 253 2088; x_wconf 92' lang='lat' dir='ltr'>et</span> <span class='ocrx_word' id='word_1_161' title='bbox 274 2036 507 2088; x_wconf 77' lang='lat' dir='ltr'>communicatio</span> <span class='ocrx_word' id='word_1_162' title='bbox 529 2032 698 2089; x_wconf 80' lang='lat' dir='ltr'>utiIItatum</span> <span class='ocrx_word' id='word_1_163' title='bbox 719 2037 837 2104; x_wconf 90' lang='lat' dir='ltr'>etipsa</span> <span class='ocrx_word' id='word_1_164' title='bbox 858 2036 965 2089; x_wconf 88' lang='lat' dir='ltr'>caritas</span> <span class='ocrx_word' id='word_1_165' title='bbox 986 2037 1107 2103; x_wconf 83' lang='lat' dir='ltr'>generis</span> 
     </span>
     <span class='ocr_line' id='line_1_23' title="bbox 219 2114 1107 2187; baseline 0.003 -16"><span class='ocrx_word' id='word_1_166' title='bbox 219 2114 355 2185; x_wconf 87' lang='lat' dir='ltr'>humani,·</span> <span class='ocrx_word' id='word_1_167' title='bbox 368 2134 446 2185; x_wconf 89' lang='lat' dir='ltr'>quae</span> <span class='ocrx_word' id='word_1_168' title='bbox 461 2123 534 2171; x_wconf 87' lang='lat' dir='ltr'>nata</span> <span class='ocrx_word' id='word_1_169' title='bbox 547 2135 565 2171; x_wconf 88' lang='lat' dir='ltr'>a</span> <span class='ocrx_word' id='word_1_170' title='bbox 580 2119 676 2185; x_wconf 87' lang='lat' dir='ltr'>primo</span> <span class='ocrx_word' id='word_1_171' title='bbox 691 2123 768 2185; x_wconf 87' lang='lat' dir='ltr'>satu,</span> <span class='ocrx_word' id='word_1_172' title='bbox 783 2115 865 2185; x_wconf 95' lang='lat' dir='ltr'>quod</span> <span class='ocrx_word' id='word_1_173' title='bbox 879 2135 896 2172; x_wconf 91' lang='lat' dir='ltr'>a</span> <span class='ocrx_word' id='word_1_174' title='bbox 910 2120 1107 2187; x_wconf 87' lang='lat' dir='ltr'>procreatori-</span> 
     </span>
     <span class='ocr_line' id='line_1_24' title="bbox 221 2197 1107 2272; baseline 0.005 -18"><span class='ocrx_word' id='word_1_175' title='bbox 221 2198 275 2254; x_wconf 93' lang='lat' dir='ltr'>bus</span> <span class='ocrx_word' id='word_1_176' title='bbox 290 2203 355 2254; x_wconf 90' lang='lat' dir='ltr'>nati</span> <span class='ocrx_word' id='word_1_177' title='bbox 369 2197 540 2268; x_wconf 84' lang='lat' dir='ltr'>diliguntur</span> <span class='ocrx_word' id='word_1_178' title='bbox 555 2207 587 2255; x_wconf 93' lang='lat' dir='ltr'>et</span> <span class='ocrx_word' id='word_1_179' title='bbox 601 2206 668 2255; x_wconf 87' lang='lat' dir='ltr'>tota</span> <span class='ocrx_word' id='word_1_180' title='bbox 681 2198 789 2255; x_wconf 93' lang='lat' dir='ltr'>domus</span> <span class='ocrx_word' id='word_1_181' title='bbox 804 2202 946 2270; x_wconf 83' lang='lat' dir='ltr'>coniugio</span> <span class='ocrx_word' id='word_1_182' title='bbox 960 2206 995 2256; x_wconf 86' lang='lat' dir='ltr'>et</span> <span class='ocrx_word' id='word_1_183' title='bbox 1014 2205 1107 2272; x_wconf 88' lang='lat' dir='ltr'>stirpe</span> 
     </span>
     <span class='ocr_line' id='line_1_25' title="bbox 220 2281 1107 2355; baseline 0.003 -17"><span class='ocrx_word' id='word_1_184' title='bbox 220 2285 424 2352; x_wconf 80' lang='lat' dir='ltr'>coniungitur,</span> <span class='ocrx_word' id='word_1_185' title='bbox 446 2285 541 2353; x_wconf 88' lang='lat' dir='ltr'>serpit</span> <span class='ocrx_word' id='word_1_186' title='bbox 560 2286 672 2339; x_wconf 89' lang='lat' dir='ltr'>sensim</span> <span class='ocrx_word' id='word_1_187' title='bbox 692 2281 780 2351; x_wconf 86' lang='lat' dir='ltr'>foras,</span> <span class='ocrx_word' id='word_1_188' title='bbox 801 2283 1033 2351; x_wconf 81' lang='lat' dir='ltr'>cognationibus</span> <span class='ocrx_word' id='word_1_189' title='bbox 1050 2288 1107 2355; x_wconf 90' lang='lat' dir='ltr'>pri·</span> 
     </span>
     <span class='ocr_line' id='line_1_26' title="bbox 219 2365 1108 2436; baseline 0.004 -16"><span class='ocrx_word' id='word_1_190' title='bbox 219 2384 313 2436; x_wconf 86' lang='lat' dir='ltr'>mum,</span> <span class='ocrx_word' id='word_1_191' title='bbox 327 2373 394 2422; x_wconf 92' lang='lat' dir='ltr'>tum</span> <span class='ocrx_word' id='word_1_192' title='bbox 408 2365 613 2436; x_wconf 63' lang='lat' dir='ltr'>affinitatibus</span> <span class='ocrx_word' id='word_1_193' title='bbox 629 2365 741 2422; x_wconf 90' lang='lat' dir='ltr'>deinde</span> <span class='ocrx_word' id='word_1_194' title='bbox 756 2368 906 2435; x_wconf 63' lang='lat' dir='ltr'>amicitiis</span> <span class='ocrx_word' id='word_1_195' title='bbox 920 2374 991 2436; x_wconf 91' lang='lat' dir='ltr'>post</span> <span class='ocrx_word' id='word_1_196' title='bbox 1005 2371 1108 2424; x_wconf 90' lang='lat' dir='ltr'>vicini·</span> 
     </span>
    </p>
   </div>
   <div class='ocr_carea' id='block_1_3' title="bbox 220 2527 1111 2788">
    <p class='ocr_par' dir='ltr' id='par_1_3' title="bbox 220 2527 1111 2726">
     <span class='ocr_line' id='line_1_27' title="bbox 253 2527 1109 2592; baseline 0.006 -19"><span class='ocrx_word' id='word_1_197' title='bbox 253 2535 266 2562; x_wconf 60' lang='grc' dir='ltr'>ἃ</span> <span class='ocrx_word' id='word_1_198' title='bbox 275 2527 384 2576; x_wconf 89' lang='lat' dir='ltr'>Publius</span> <span class='ocrx_word' id='word_1_199' title='bbox 393 2527 535 2576; x_wconf 89' lang='lat' dir='ltr'>Cornelius</span> <span class='ocrx_word' id='word_1_200' title='bbox 545 2529 634 2592; x_wconf 89' lang='lat' dir='ltr'>Scipio</span> <span class='ocrx_word' id='word_1_201' title='bbox 643 2527 755 2586; x_wconf 86' lang='lat' dir='ltr'>Nasica,</span> <span class='ocrx_word' id='word_1_202' title='bbox 766 2527 913 2586; x_wconf 87' lang='lat' dir='ltr'>chosen,·in</span> <span class='ocrx_word' id='word_1_203' title='bbox 925 2528 1074 2580; x_wconf 88' lang='lat' dir='ltr'>obedieuce</span> <span class='ocrx_word' id='word_1_204' title='bbox 1083 2538 1109 2579; x_wconf 86' lang='lat' dir='ltr'>to</span> 
     </span>
     <span class='ocr_line' id='line_1_28' title="bbox 220 2593 1111 2660; baseline 0.004 -20"><span class='ocrx_word' id='word_1_205' title='bbox 220 2608 256 2640; x_wconf 90' lang='lat' dir='ltr'>an</span> <span class='ocrx_word' id='word_1_206' title='bbox 269 2596 367 2652; x_wconf 89' lang='lat' dir='ltr'>oracle,</span> <span class='ocrx_word' id='word_1_207' title='bbox 381 2609 414 2641; x_wconf 89' lang='lat' dir='ltr'>as</span> <span class='ocrx_word' id='word_1_208' title='bbox 427 2610 488 2641; x_wconf 91' lang='lat' dir='ltr'>mau</span> <span class='ocrx_word' id='word_1_209' title='bbox 501 2595 531 2641; x_wconf 85' lang='lat' dir='ltr'>of</span> <span class='ocrx_word' id='word_1_210' title='bbox 539 2593 685 2650; x_wconf 78' lang='lat' dir='ltr'>blameless</span> <span class='ocrx_word' id='word_1_211' title='bbox 696 2594 751 2653; x_wconf 85' lang='lat' dir='ltr'>life,</span> <span class='ocrx_word' id='word_1_212' title='bbox 764 2600 792 2642; x_wconf 88' lang='lat' dir='ltr'>to</span> <span class='ocrx_word' id='word_1_213' title='bbox 805 2593 908 2648; x_wconf 87' lang='lat' dir='ltr'>receive</span> <span class='ocrx_word' id='word_1_214' title='bbox 921 2595 966 2649; x_wconf 85' lang='lat' dir='ltr'>the</span> <span class='ocrx_word' id='word_1_215' title='bbox 978 2595 1072 2660; x_wconf 83' lang='lat' dir='ltr'>image</span> <span class='ocrx_word' id='word_1_216' title='bbox 1082 2595 1111 2646; x_wconf 86' lang='lat' dir='ltr'>ol</span> 
     </span>
     <span class='ocr_line' id='line_1_29' title="bbox 223 2656 1106 2726; baseline 0.008 -21"><span class='ocrx_word' id='word_1_217' title='bbox 223 2656 334 2721; x_wconf 61' lang='lat' dir='ltr'>§ybele</span> <span class='ocrx_word' id='word_1_218' title='bbox 346 2659 432 2706; x_wconf 90' lang='lat' dir='ltr'>which</span> <span class='ocrx_word' id='word_1_219' title='bbox 442 2674 499 2707; x_wconf 87' lang='lat' dir='ltr'>was</span> <span class='ocrx_word' id='word_1_220' title='bbox 508 2658 628 2722; x_wconf 75' lang='lat' dir='ltr'>brought</span> <span class='ocrx_word' id='word_1_221' title='bbox 637 2659 707 2712; x_wconf 88' lang='lat' dir='ltr'>from</span> <span class='ocrx_word' id='word_1_222' title='bbox 716 2659 839 2722; x_wconf 85' lang='lat' dir='ltr'>Phrygia</span> <span class='ocrx_word' id='word_1_223' title='bbox 850 2665 878 2707; x_wconf 90' lang='lat' dir='ltr'>to</span> <span class='ocrx_word' id='word_1_224' title='bbox 892 2659 979 2710; x_wconf 88' lang='lat' dir='ltr'>Rome</span> <span class='ocrx_word' id='word_1_225' title='bbox 991 2676 1041 2726; x_wconf 85' lang='lat'>204</span> <span class='ocrx_word' id='word_1_226' title='bbox 1052 2674 1106 2712; x_wconf 69' lang='lat' dir='ltr'>lac.</span> 
     </span>
    </p>

    <p class='ocr_par' dir='ltr' id='par_1_4' title="bbox 252 2721 1107 2788">
     <span class='ocr_line' id='line_1_30' title="bbox 252 2721 1107 2788; baseline 0.013 -22"><span class='ocrx_word' id='word_1_227' title='bbox 252 2721 311 2772; x_wconf 69' lang='lat' dir='ltr'>cM.</span> <span class='ocrx_word' id='word_1_228' title='bbox 326 2724 455 2772; x_wconf 83' lang='lat' dir='ltr'>Aemilius</span> <span class='ocrx_word' id='word_1_229' title='bbox 468 2724 587 2787; x_wconf 87' lang='lat' dir='ltr'>Lepidus</span> <span class='ocrx_word' id='word_1_230' title='bbox 598 2724 794 2773; x_wconf 79' lang='lat' dir='ltr'>administered</span> <span class='ocrx_word' id='word_1_231' title='bbox 807 2725 909 2788; x_wconf 86' lang='lat' dir='ltr'>Egypt,</span> <span class='ocrx_word' id='word_1_232' title='bbox 920 2741 955 2774; x_wconf 90' lang='lat' dir='ltr'>on</span> <span class='ocrx_word' id='word_1_233' title='bbox 968 2727 1015 2775; x_wconf 86' lang='lat' dir='ltr'>the</span> <span class='ocrx_word' id='word_1_234' title='bbox 1027 2727 1107 2776; x_wconf 84' lang='lat' dir='ltr'>death</span> 
     </span>
    </p>
   </div>
   <div class='ocr_carea' id='block_1_4' title="bbox 220 2775 1108 2902">
    <p class='ocr_par' dir='ltr' id='par_1_5' title="bbox 220 2775 1108 2902">
     <span class='ocr_line' id='line_1_31' title="bbox 220 2775 1108 2854; baseline 0.006 -18"><span class='ocrx_word' id='word_1_235' title='bbox 220 2788 252 2836; x_wconf 90' lang='lat' dir='ltr'>of</span> <span class='ocrx_word' id='word_1_236' title='bbox 267 2775 477 2852; x_wconf 77' lang='lat' dir='ltr'>King&#39;Ptotemy</span> <span class='ocrx_word' id='word_1_237' title='bbox 495 2790 661 2853; x_wconf 88' lang='lat' dir='ltr'>Epiphanes,</span> <span class='ocrx_word' id='word_1_238' title='bbox 683 2789 725 2838; x_wconf 88' lang='lat'>181</span> <span class='ocrx_word' id='word_1_239' title='bbox 737 2801 805 2848; x_wconf 65' lang='lat' dir='ltr'>ac„</span> <span class='ocrx_word' id='word_1_240' title='bbox 819 2806 852 2839; x_wconf 85' lang='lat' dir='ltr'>as</span> <span class='ocrx_word' id='word_1_241' title='bbox 868 2791 1006 2854; x_wconf 82' lang='lat' dir='ltr'>guardian</span> <span class='ocrx_word' id='word_1_242' title='bbox 1023 2794 1056 2843; x_wconf 81' lang='lat' dir='ltr'>ol</span> <span class='ocrx_word' id='word_1_243' title='bbox 1068 2793 1108 2842; x_wconf 87' lang='lat' dir='ltr'>his</span> 
     </span>
     <span class='ocr_line' id='line_1_32' title="bbox 222 2870 1105 2902; baseline -0.003 0"><span class='ocrx_word' id='word_1_244' title='bbox 222 2870 295 2902; x_wconf 91' lang='lat' dir='ltr'>sons.</span> <span class='ocrx_word' id='word_1_245' title='bbox 1103 2893 1105 2899; x_wconf 92' lang='lat'><strong>.</strong></span> 
     </span>
    </p>
   </div>
   <div class='ocr_carea' id='block_1_5' title="bbox 222 2918 1106 3180">
    <p class='ocr_par' dir='ltr' id='par_1_6' title="bbox 222 2918 1106 3180">
     <span class='ocr_line' id='line_1_33' title="bbox 254 2918 593 2982; baseline 0 -16"><span class='ocrx_word' id='word_1_246' title='bbox 254 2920 332 2966; x_wconf 78' lang='lat' dir='ltr'>⁰The</span> <span class='ocrx_word' id='word_1_247' title='bbox 346 2919 432 2978; x_wconf 88' lang='lat' dir='ltr'>Decii,</span> <span class='ocrx_word' id='word_1_248' title='bbox 447 2935 488 2982; x_wconf 91' lang='lat' dir='ltr'>cp.</span> <span class='ocrx_word' id='word_1_249' title='bbox 505 2918 540 2975; x_wconf 91' lang='grc' dir='ltr'>ΙΙ,</span> <span class='ocrx_word' id='word_1_250' title='bbox 554 2919 593 2966; x_wconf 82' lang='lat'>61.</span> 
     </span>
     <span class='ocr_line' id='line_1_34' title="bbox 253 2981 1106 3050; baseline 0.006 -16"><span class='ocrx_word' id='word_1_251' title='bbox 253 2981 309 3034; x_wconf 77' lang='lat' dir='ltr'>dC.</span> <span class='ocrx_word' id='word_1_252' title='bbox 322 2984 462 3033; x_wconf 87' lang='lat' dir='ltr'>Fabricius</span> <span class='ocrx_word' id='word_1_253' title='bbox 474 2983 528 3032; x_wconf 84' lang='lat' dir='ltr'>and</span> <span class='ocrx_word' id='word_1_254' title='bbox 541 2983 574 3046; x_wconf 80' lang='lat' dir='ltr'>Q.</span> <span class='ocrx_word' id='word_1_255' title='bbox 589 2983 718 3033; x_wconf 84' lang='lat' dir='ltr'>Aemilius</span> <span class='ocrx_word' id='word_1_256' title='bbox 732 2985 842 3049; x_wconf 85' lang='lat' dir='ltr'>PapIus,</span> <span class='ocrx_word' id='word_1_257' title='bbox 856 2986 904 3050; x_wconf 85' lang='lat'>278</span> <span class='ocrx_word' id='word_1_258' title='bbox 915 2999 983 3047; x_wconf 57' lang='lat' dir='ltr'>tac„</span> <span class='ocrx_word' id='word_1_259' title='bbox 996 2988 1106 3039; x_wconf 85' lang='lat' dir='ltr'>warued</span> 
     </span>
     <span class='ocr_line' id='line_1_35' title="bbox 222 3048 1026 3180; baseline 0.007 -19"><span class='ocrx_word' id='word_1_260' title='bbox 222 3048 619 3177; x_wconf 44' lang='lat' dir='ltr'>ryerirfflsoetffitpffipgpan</span> <span class='ocrx_word' id='word_1_261' title='bbox 633 3050 686 3098; x_wconf 62' lang='lat'>¹¹²⁶</span> <span class='ocrx_word' id='word_1_262' title='bbox 699 3050 1026 3180; x_wconf 48' lang='lat' dir='ltr'>⁰l⁶iiffglhlssi⁵ihdm</span> 
     </span>
    </p>
   </div>
   <div class='ocr_carea' id='block_1_6' title="bbox 303 3189 363 3262">
    <p class='ocr_par' dir='ltr' id='par_1_7' title="bbox 303 3189 363 3262">
     <span class='ocr_line' id='line_1_36' title="bbox 303 3189 363 3262; baseline 0 0"><span class='ocrx_word' id='word_1_263' title='bbox 303 3189 363 3262; x_wconf 76' lang='lat'>466</span> 
     </span>
    </p>
   </div>
   <div class='ocr_carea' id='block_1_7' title="bbox 0 0 1168 3682">
    <p class='ocr_par' dir='ltr' id='par_1_8' title="bbox 0 0 1168 3682">
     <span class='ocr_line' id='line_1_37' title="bbox 0 0 1168 3682; baseline 0 0"><span class='ocrx_word' id='word_1_264' title='bbox 0 0 1168 3682; x_wconf 95' lang='lat' dir='ltr'> </span> 
     </span>
    </p>
   </div>
  </div>
 </body>
</html>
