2310 3682
396 250 547 309 CICERO
570 249 628 307 DE
650 250 818 309 FINIBUS

100 376 140 436 90
204 371 301 429 XXX.
318 358 406 431 “sed
416 377 506 430 venio
517 371 556 429 ad
566 376 789 430 inconstantiae
800 374 925 440 crimen,
936 388 977 427 ne
988 389 1054 427 sae-

161 502 229 570 pius
244 499 326 556 dicas
339 519 389 557 me
403 501 558 568 aberrare3
580 519 671 570 quam
684 505 719 555 tu
733 501 821 570 ponis
831 502 864 554 in
874 497 985 569 verbis,
996 516 1054 567 ego

162 630 291 697 positam
302 630 334 683 in
346 646 379 684 re
390 627 542 698 putabam.
563 626 595 684 Si
604 631 676 684 satis
686 630 745 684 erit
753 625 812 683 hoc
820 632 1010 696 perceptum,
1021 628 1054 680 in

162 772 222 824 quo
236 752 390 811 adiutores
405 753 523 812 Stoicos
540 757 671 825 optimos
687 753 845 824 habemus,
859 759 979 810 tantam
993 756 1054 808 vim

162 899 227 937 esse
242 884 362 938 virtutis
377 888 413 939 ut
427 885 528 939 omnia
543 885 568 938 si
582 901 620 940 ex
636 881 732 940 altera
745 889 832 953 parte
847 886 1001 951 ponantur
1015 898 1054 936 ne

162 1016 331 1079 appareant
353 1009 489 1081 quidem,
511 1030 581 1068 cum
604 1006 707 1092 omnia
730 1029 808 1080 quae
829 1006 874 1064 illi
897 1007 1054 1065 commoda

163 1142 247 1192 certe
267 1135 374 1194 dicunt
394 1156 460 1195 esse
481 1144 514 1195 et
533 1136 679 1194 sumenda
699 1141 732 1191 et
751 1133 894 1202 eligenda
915 1143 948 1192 et
969 1154 1055 1206 prae·

163 1266 261 1333 posita
276 1250 367 1334 (quae
381 1267 425 1321 ita
439 1262 590 1320 definiunt
603 1267 639 1318 ut
653 1263 726 1316 satis
740 1278 851 1329 magno
865 1261 1055 1319 aestimanda

163 1376 250 1460 sint),
268 1388 344 1446 haec
364 1392 458 1458 igitur
476 1406 546 1443 cum
566 1405 624 1457 ego
643 1393 691 1444 tot
710 1372 883 1444 nominibus
904 1407 922 1443 a
944 1387 1055 1445 Stoicis

162 1514 324 1586 appellata,
339 1516 450 1584 partim
464 1516 549 1570 novis
565 1520 597 1570 et
612 1517 831 1571 commenticiis
845 1519 880 1571 ut
894 1516 952 1569 ista
968 1497 1055 1582 ‘pro-

164 1639 272 1698 ducta'
304 1647 336 1697 et
365 1625 529 1709 ‘reducta’
560 1644 672 1711 partim
701 1640 785 1698 idem
814 1640 1054 1710 significantibus

163 1752 251 1836 (quid
265 1768 347 1822 enim
361 1768 500 1835 interest,
513 1775 639 1838 expetas
653 1787 693 1823 an
708 1767 821 1836 eligas?
843 1766 918 1823 mihi
929 1766 1053 1837 quidem

163 1895 256 1950 etiam
272 1891 385 1949 lautius
404 1892 525 1952 videtur
545 1894 626 1964 quod
646 1894 770 1965 eligitur
789 1901 822 1951 et
841 1895 880 1952 ad
899 1894 981 1965 quod
1001 1894 1054 1952 de·

162 2018 261 2076 lectus
285 2008 472 2091 adhibetur),
499 2022 563 2092 sed,
589 2041 659 2079 cum
685 2041 742 2092 ego
767 2025 825 2081 ista
850 2027 951 2079 omnia
976 2023 1054 2079 bona

164 2143 279 2216 dixero,
293 2152 415 2204 tantum
430 2147 526 2205 refert
541 2168 631 2219 quam
646 2168 757 2220 magna
776 2149 891 2228 dicam3
914 2169 983 2207 cum
1003 2168 1054 2207 ex·

162 2271 307 2343 petenda,
331 2292 421 2344 quam
446 2273 543 2332 valde.
589 2275 644 2334 Sin
668 2282 773 2333 autem
797 2295 855 2334 nec
881 2276 1055 2346 expetenda

164 2416 222 2468 ego
243 2404 340 2470 magis
361 2421 451 2472 quam
471 2409 506 2460 tu
526 2402 678 2474 eligenda,
699 2422 756 2461 nec
776 2403 828 2460 illa
848 2402 942 2474 pluris
964 2407 1054 2461 aesti-

163 2521 275 2578 manda
289 2542 347 2593 ego
362 2528 414 2594 qui
429 2524 517 2595 bona,
529 2543 620 2595 quam
634 2532 669 2582 tu
684 2528 737 2595 qui
751 2523 899 2595 producta
909 2525 1055 2596 appellas,
1084 2600 1087 2605 j

163 2646 265 2699 omnia
279 2647 337 2701 ista
351 2664 477 2702 necesse
493 2651 541 2702 est
555 2646 708 2703 obscurari
727 2665 785 2702 nec
804 2664 950 2716 apparere
971 2654 1004 2704 et
1022 2651 1055 2703 in

103 2764 138 2825 91
165 2765 285 2820 virtutis
300 2771 455 2835 tamquam
470 2769 502 2822 in
516 2765 586 2823 solis
601 2765 700 2823 radios
714 2770 877 2824 incurrere.
915 2764 964 2834 At,
973 2771 1056 2824 enim

165 2902 225 2953 qua
239 2888 271 2941 in
286 2889 349 2942 vita
363 2894 410 2944 est
424 2886 538 2958 aliquid
549 2886 631 2956 mali,
643 2906 680 2943 ea
689 2888 780 2944 beata
792 2906 858 2945 esse
869 2906 932 2943 non
942 2894 1046 2958 potest

165 3005 213 3061 Ne
228 3025 316 3077 seges
331 3007 455 3078 quidem
474 3012 568 3078 igitur
587 3011 677 3078 spicis
697 3008 840 3066 uberibus
856 3015 889 3066 et
903 3009 1016 3066 crebris
1030 3013 1056 3066 si

165 3145 292 3183 avenam
306 3131 424 3198 uspiam
439 3127 559 3198 videris,
576 3146 633 3184 nec
648 3135 819 3186 mercatura
834 3135 1015 3199 quaestuosa
1030 3131 1055 3187 si

247 3214 308 3274 494
