2310 3682
460 233 609 292 CICERO
633 232 690 289 DE
713 233 881 294 FINIBUS

223 359 353 412 maxime
362 353 420 412 hoc
429 356 558 426 placeat,
569 354 754 413 moderatius
765 363 871 413 tamen
881 356 914 414 id
922 357 1034 417 volunt
1043 358 1117 431 fieri,

221 457 374 514 difficilem
400 456 552 528 quandam
576 462 813 528 temperantiam
837 458 996 529 postulant
1021 464 1056 518 in
1081 480 1116 519 eo

221 559 302 630 quod
312 558 406 615 semel
416 558 579 615 admissum
589 563 722 616 coerceri
731 563 916 631 reprimique
926 570 1114 633 nonpotest3

221 668 256 718 ut
270 659 490 732 propemodum
507 661 681 718 iustioribus
700 668 822 734 utamur
838 661 898 719 illis
916 666 969 732 qui
990 669 1114 723 omnino

220 769 350 820 avocent
369 761 605 833 a.philosophia,
625 783 715 832 quarn
734 761 782 820 hia
802 744 854 849 qui
873 764 965 821 rebus
986 765 1113 825 infinitis

219 864 343 922 modum
357 868 545 922 constituant
555 868 587 921 in
598 883 692 934 reque
707 884 744 923 eo
754 864 879 923 meliore
890 884 951 935 quo
964 871 1064 925 maior
1076 872 1114 927 sit

179 973 196 1023 3
219 966 461 1024 mediocritatem
473 966 657 1023 desiderent.
671 958 777 1045 ‘susim'
785 970 868 1025 enim
879 966 918 1024 ad
930 971 1113 1038 sapientiam

219 1072 370 1141 perveniri
392 1075 504 1140 potest,
527 1087 588 1151 non
611 1052 745 1156 paranda
767 1068 855 1125 nobis
877 1068 976 1125 solum
999 1088 1038 1128 ea
1060 1072 1113 1131 sed

218 1170 347 1229 fruenda
362 1175 454 1228 etiam
470 1178 532 1257 est3
558 1173 625 1258 sive
640 1167 698 1226 hoe
717 1169 838 1226 difficile
856 1176 913 1240 est,
928 1176 1036 1229 tamen
1056 1194 1113 1232 nec

218 1273 325 1330 modus
345 1280 393 1331 est
411 1246 715 1353 ullus.i1{iestigandi
734 1275 798 1328 veri
817 1275 876 1329 nisi
895 1275 1062 1347 inveneris,
1081 1283 1113 1335 et

217 1371 388 1445 quaerendi
395 1364 580 1455 defetigatio
594 1377 691 1444 turpis
711 1379 759 1429 est
776 1392 845 1429 cum
862 1372 895 1430 id
914 1354 998 1443 quod
1019 1396 1113 1448 quae-

217 1481 293 1533 ritur
308 1480 347 1545 sit
358 1470 606 1563 puli-homimum.
651 1474 776 1531 Etenim
790 1478 814 1530 si
835 1473 1028 1534 delectamur
1041 1498 1111 1539 cum

216 1557 388 1649 scribimus,
394 1581 461 1648 quis
472 1585 520 1634 est
530 1583 593 1633 tam
604 1574 724 1632 invidus
735 1579 787 1646 qui
798 1576 836 1632 ab
847 1595 884 1632 eo
895 1596 950 1635 nos
958 1578 1112 1640 abducat?

177 1755 180 1761 Ι
211 1680 270 1751 'Sip
288 1656 468 1748 laboramus,
484 1682 551 1749 quis
571 1686 618 1735 est
638 1681 690 1747 qui
709 1676 827 1734 alienae
846 1677 973 1735 modum
993 1688 1110 1741 statuat

180 1760 401 1842 Isind'ustriae?
444 1780 524 1836 Nam
543 1786 579 1836 ut
595 1778 797 1836 Terentianus
814 1777 960 1837 Chremes
977 1800 1041 1840 non
1064 1788 1109 1843 in·

99 1866 116 1891 ²
138 1918 158 1961 ·.
182 1892 191 1907 ‘
215 1882 375 1953 humanus,
390 1886 442 1953 qui
457 1900 569 1938 novum
584 1884 715 1937 vicinum
731 1898 792 1935 non
807 1879 873 1937 vult

267 1985 291 2042 F
291 1984 384 2042 odere
398 1992 452 2041 aut
466 2002 550 2039 arare
565 1990 618 2039 aut
632 1981 745 2050 aliquid
761 1980 841 2039 ferre
856 1980 1041 2052 denique-

214 2073 289 2153 (non
305 2089 387 2143 enim
407 2084 493 2141 illum
507 2084 546 2140 ab
561 2083 709 2140 industria
723 2082 777 2139 sed
791 2083 830 2139 ab
848 2083 990 2142 illiberali
1003 2086 1109 2149 labore

214 2173 375 2255 deterret),
390 2190 432 2241 sic
447 2189 498 2243 isti
507 2187 625 2253 curiosi,
636 2202 711 2253 quos
726 2182 853 2243 offendit
864 2193 969 2244 noster
979 2192 1108 2251 minime

213 2289 300 2345 nobis
314 2285 497 2343 iniucundus
511 2285 602 2342 labor.

172 2396 191 2445 4
255 2388 296 2446 II.
321 2387 362 2445 Iis
376 2391 470 2459 igitur
484 2394 532 2443 est
542 2385 691 2443 difficilius
702 2385 875 2444 satisfacere
886 2393 939 2458 qui
950 2409 983 2448 se
995 2390 1108 2453 Intirm

212 2488 324 2556 scripta
338 2484 445 2541 dicunt
459 2490 666 2539 contemnere.
713 2480 748 2537 ln
769 2483 877 2552 quibus
894 2483 953 2542 hoc
972 2491 1106 2558 primum

212 2588 259 2638 est
284 2585 315 2636 in
342 2599 402 2650 quo
426 2578 567 2647 admirer,
591 2597 644 2634 cur
669 2581 700 2633 in
723 2582 904 2647 gravissimis
927 2581 1020 2641 rebus
1042 2606 1106 2645 non

212 2676 347 2734 delectet
356 2695 407 2732 eos
416 2694 514 2732 sermo
525 2677 649 2745 patrius,
660 2693 729 2730 cum
739 2672 833 2731 iidem
844 2673 969 2735 fabellas
979 2677 1107 2743 latinas

211 2771 251 2829 ad
274 2772 400 2829 verbum
423 2789 440 2827 e
466 2770 589 2826 Graecis
615 2787 769 2840 expressas
792 2788 854 2826 non
876 2775 964 2829 inviti
987 2774 1105 2847 legant„

211 2866 287 2938 Quis
302 2871 385 2924 enim
399 2874 463 2923 tam
478 2869 616 2922 inimicus
638 2883 735 2935 paene
756 2869 871 2922 nomini
893 2867 1031 2931 Romano
1044 2884 1104 2948 est,

209 2968 261 3034 qui
276 2963 357 3019 Enni
373 2961 516 3019 Medeam
530 2967 584 3018 aut
598 2959 764 3030 Antiopam
780 2960 890 3017 Pacuvi
909 2976 1036 3034 spernat
1048 2980 1105 3031 aut

329 3108 479 3168 ιιΤετεῐιοε,
491 3105 815 3165 Heautontimorumenos,
833 3122 852 3155 1.
869 3122 889 3155 1.
907 3122 944 3172 17.

289 3193 308 3243 4
