2310 3682
454 237 604 297 CICERO
628 237 686 296 DE
710 238 877 298 FINIBUS

215 365 247 417 in
271 360 407 418 medium
430 359 553 432 Epicuri
576 363 663 431 ratio,
686 379 763 431 quae
783 359 935 432 plerisque
954 363 1111 418 notissima

216 470 278 530 est;
300 481 392 533 quam
413 482 432 519 a
454 463 541 519 nobis
564 465 606 519 sic
629 460 792 532 intelleges
815 465 993 533 expositam,
1013 469 1049 519 ut
1072 463 1110 519 ab

215 568 287 636 ipsis
302 567 354 634 qui
369 583 436 621 eam
451 563 641 634 disciplinam
656 564 786 634 probant
801 584 862 621 non
877 563 973 621 soleat
987 583 1108 621 accura-

213 669 275 723 tius
290 664 441 735 explicari.
486 664 600 722 Verum
622 669 704 722 enim
725 668 862 723 invenire
884 665 1032 736 volumus,
1047 685 1108 723 non

214 774 369 849 tamquam
383 766 587 824 adversarium
601 766 734 837 aliquem
748 771 935 824 convincere.

256 867 407 925 Accurate
420 876 524 926 autem
539 868 692 939 quondam
711 889 729 925 a
750 867 783 925 L.
800 867 963 939 Torquato,
983 868 1108 927 homine

214 973 297 1027 omni
311 969 449 1027 doctrina
464 971 594 1042 erudito,
609 969 735 1028 defensa
750 976 797 1028 est
817 969 939 1041 Epicuri
954 975 1109 1028 sententia

215 1070 253 1128 de
265 1070 431 1143 voluptate,
443 1093 461 1129 a
474 1092 584 1143 meque
597 1077 625 1130 ei
639 1091 827 1143 responsum,
836 1091 905 1129 eum
921 1072 951 1129 C.
965 1072 1107 1144 Triarius,

214 1177 246 1230 in
261 1177 364 1244 primis
379 1178 478 1244 gravis
493 1181 526 1232 et
541 1174 648 1232 doctus
662 1172 850 1244 adulescens,
866 1177 895 1230 ei
909 1174 1107 1245 disputationi

154 1281 192 1332 14
214 1279 385 1333 interesset.
431 1276 509 1333 Nam
524 1295 594 1333 cum
607 1275 648 1333 ad
657 1295 707 1332 me
723 1279 755 1332 in
770 1275 939 1332 Cumanum
954 1274 1107 1334 salutandi

214 1397 302 1435 causa
324 1385 454 1449 uterque
478 1357 621 1448 venisset,
646 1397 742 1449 pauca
767 1380 863 1449 primo
886 1380 968 1435 inter
988 1382 1044 1436 nos
1067 1378 1106 1437 de

213 1478 335 1549 litteris,
355 1499 481 1550 quarum
501 1500 652 1537 summum
670 1487 736 1537 erat
755 1483 788 1536 in
804 1485 935 1549 utroque
955 1479 1105 1549 studium3

213 1581 325 1639 deinde
361 1581 540 1653 Torquatus,
573 1567 751 1653 “Quoniam
785 1585 867 1638 nacti
903 1580 965 1652 te,”
995 1585 1104 1654 inquit,

214 1669 342 1740 “sumus
351 1683 512 1754 aliquando
519 1687 658 1752 otiosum,
666 1690 749 1740 certe
758 1682 879 1740 audiam
890 1683 964 1754 quid
973 1687 1013 1740 sit
1023 1684 1105 1755 quod

214 1785 378 1856 Epicurum
403 1792 539 1843 nostrum
563 1805 624 1842 non
647 1792 682 1842 tu
706 1784 830 1855 quidem
851 1784 961 1855 oderis,
982 1792 1018 1843 ut
1040 1785 1104 1844 fere

215 1885 332 1943 faciunt
345 1890 397 1957 qui
412 1886 451 1943 ab
465 1906 502 1943 eo
517 1886 713 1956 dissentiunt,
729 1886 783 1943 sed
803 1893 887 1943 certe
903 1906 966 1943 non
985 1888 1105 1958 probes

213 2007 283 2045 eum
305 2007 396 2058 quem
418 2008 475 2059 ego
494 1989 623 2045 arbitror
642 2007 737 2044 unum
756 1987 866 2045 vidisse
885 2007 991 2045 verum
1010 1995 1104 2048 maxi-

211 2094 328 2161 misque
357 2090 506 2147 erroribus
534 2093 649 2146 animos
678 2089 835 2146 hominum
869 2089 1043 2149 liberavisse
1072 2099 1117 2151 et·

211 2195 313 2249 omnia
327 2190 487 2249 tradidisse
502 2176 579 2262 quae
595 2194 787 2262 pertinerent
800 2191 840 2248 ad
857 2192 936 2249 bene
952 2192 1104 2265 beateque

211 2293 390 2362 vivendum;
412 2292 467 2350 sed
482 2297 622 2352 existimo
636 2300 679 2363 te,
695 2297 774 2349 sicut
792 2301 930 2350 nostrum
944 2293 1103 2367 Triarium,

210 2399 311 2452 minus
325 2395 364 2451 ab
379 2413 415 2451 eo
431 2393 578 2451 delectari
592 2392 674 2464 quod
694 2397 752 2450 ista
774 2393 918 2464 Platonis,
934 2394 1104 2468 Aristoteli,

210 2494 412 2568 Theophrasti
435 2499 577 2553 orationis
599 2503 778 2553 ornamenta
798 2495 978 2567 neglexerit.
1023 2497 1103 2556 Nam

210 2596 287 2656 illud
301 2597 425 2669 quidem
440 2596 550 2655 adduci
565 2601 614 2654 vix
628 2616 761 2668 possum,
776 2605 811 2654 ut
825 2617 862 2655 ea
875 2617 953 2669 quae
973 2605 1103 2660 senserit

151 2707 186 2756 15
210 2699 262 2757 ille
276 2700 334 2756 tibi
348 2718 410 2755 non
424 2718 495 2756 vera
509 2698 698 2756 videantur.'‘
743 2684 847 2756 “Vide
861 2701 1039 2772 quantum,”
1056 2707 1102 2760 in-

210 2820 310 2872 quam,
328 2786 469 2870 “fallare,
487 2799 649 2871 Torquate.
694 2800 800 2859 Oratio
820 2821 868 2859 me
893 2806 980 2859 istius
1002 2802 1100 2875 philo-

209 2901 296 2972 sophi
310 2920 372 2958 non
384 2900 525 2969 offendit3
547 2921 618 2958 nam
633 2909 665 2960 et
680 2902 892 2974 complectitur
906 2904 1004 2961 verbis
1019 2905 1101 2975 quod

210 3003 277 3062 vult
296 3011 329 3061 et
347 3003 422 3061 dicit
439 3002 529 3074 plane
547 3003 629 3075 quod
650 3003 846 3076 intellegam3
868 3012 901 3062 et
920 3012 1024 3063 tamen
1044 3027 1103 3080 ego

210 3126 228 3162 a
242 3103 432 3177 philosopho,
446 3109 471 3162 si
486 3104 591 3164 afferat
606 3105 821 3180 eloquentiam,
836 3125 898 3163 non
912 3126 1065 3182 asperner,
1077 3115 1103 3171 si

296 3185 333 3250 16
