2310 3682
453 280 604 340 CICERO
626 280 683 337 DE
706 279 874 338 FINIBUS

218 400 322 473 Atque
345 402 490 460 hocloco
512 405 564 473 qui
584 409 710 472 propter
737 405 830 458 animi
851 400 1026 472 voluptates
1054 397 1111 455 coli

219 515 326 573 dicunt
347 536 383 573 ea
402 517 503 574 studia
520 535 597 586 quae
617 515 690 585 dixi,
709 535 771 572 non
790 514 980 585 intellegunt
999 514 1111 572 idcirco

220 649 286 687 esse
309 650 345 687 ea
366 638 491 701 propter
513 650 544 687 se
567 629 742 700 expetenda
765 629 847 700 quod
870 628 954 686 nulla
977 627 1111 686 utilitate

219 746 340 801 obiecta
355 744 550 824 delectentur
564 748 657 800 animi
671 752 764 814 atque
776 748 841 815 ipsa
853 747 981 801 scientia
992 746 1112 800 etiamsi

159 865 192 914 51
220 859 480 916 incommodatura
500 863 540 916 sit
558 858 721 929 gaudeant.
767 858 829 916 Sed
848 858 922 929 quid
939 861 1054 915 attinet
1072 857 1111 914 de

220 973 309 1030 rebus
325 982 388 1030 tam
402 977 515 1044 apertis
530 972 617 1044 plura
627 973 803 1043 requirere?
848 972 910 1044 Ipsi
926 977 1009 1030 enim
1020 991 1112 1043 quae-

220 1107 320 1145 ramus
335 1109 352 1144 a
369 1089 456 1145 nobis
476 1087 633 1145 stellarum
652 1095 753 1144 motus
773 1087 1111 1158 contemplationesque

219 1216 320 1253 rerum
342 1196 519 1254 caelestium
541 1215 706 1266 eorumque
728 1199 864 1252 omnium
886 1215 964 1267 quae
985 1203 1112 1253 naturae

219 1305 403 1361 obscuritate
429 1302 620 1360 occultantur
644 1307 832 1374 cognitiones
855 1303 1112 1374 quemadmodum

220 1432 275 1469 nos
289 1420 441 1481 moveant,
454 1419 486 1468 et
501 1410 575 1481 quid
589 1411 713 1468 historia
725 1411 861 1469 delectet
876 1432 967 1482 quam
981 1412 1112 1468 solemus

220 1524 361 1591 persequi
382 1539 477 1590 usque
500 1519 539 1576 ad
563 1527 745 1590 extremum,
767 1525 980 1591 praetermissa
1000 1525 1112 1592 repeti-

220 1649 298 1699 mus,
313 1628 456 1686 inchoata
469 1633 688 1699 persequimur.
733 1629 808 1686 Necx
819 1649 891 1687 vero
911 1649 978 1687 sum
993 1635 1112 1688 nescius

220 1756 286 1793 esse
308 1735 474 1793 utilitatem
497 1741 529 1793 in
551 1735 686 1805 historia,
708 1756 770 1793 non
796 1736 887 1794 modo
912 1736 1110 1808 voluptatem.

220 1843 303 1915 Quid
323 1864 393 1901 cum
413 1844 497 1902 fictas
517 1844 633 1902 fabulas
654 1865 670 1901 e
691 1845 800 1916 quibus
814 1845 930 1903 utilitas
945 1846 1030 1903 nulla
1045 1847 1111 1904 elici

159 1961 197 2010 52
220 1960 324 2024 potest
338 1973 408 2010 cum
422 1953 579 2025 voluptate
594 1953 746 2024 legimus?
789 1952 877 2024 Quid
891 1973 960 2011 cum
975 1955 1111 2013 volumus

220 2065 344 2119 nomina
365 2081 470 2118 eorum
493 2066 545 2132 qui
567 2061 640 2132 quid
661 2065 813 2132 gesserint
832 2069 906 2121 nota
927 2064 1017 2120 nobis
1037 2084 1110 2133 esse,

221 2178 373 2240 parentes,
397 2175 536 2241 patriam,
558 2170 655 2226 multa
678 2177 836 2240 praeterea
858 2175 984 2229 minime
1008 2193 1110 2231 neces·

221 2279 319 2335 saria?
356 2276 439 2348 Quid
454 2278 535 2349 quod
549 2277 688 2336 homines
703 2278 805 2335 infima
819 2277 951 2350 fortuna,
961 2281 1048 2339 nulla
1061 2301 1110 2354 spe

221 2407 322 2444 rerum
351 2386 564 2457 gerendarum,
593 2386 715 2458 opifices
750 2386 883 2458 denique
919 2388 1111 2449 delectantur

221 2494 368 2553 historia?
389 2499 581 2565 maximeque
593 2515 644 2552 eos
658 2495 761 2553 videre
776 2514 935 2566 possumus
949 2516 998 2555 res
1013 2508 1111 2570 gestas

220 2603 326 2661 audire
342 2610 374 2660 et
388 2603 492 2674 legere
508 2602 588 2661 velle
602 2607 654 2674 qui
668 2624 686 2659 a
701 2623 754 2675 spe
771 2604 901 2674 gerendi
915 2606 1029 2667 absunt
1043 2630 1111 2667 con·

221 2712 295 2769 fecti
316 2719 486 2768 senectute.
530 2710 680 2782 Quocirca
701 2711 842 2784 intellegi
863 2732 990 2773 necesse
1013 2722 1110 2776 estin

221 2824 294 2891 ipsis
316 2820 407 2877 rebus
429 2839 506 2890 quae
529 2819 688 2877 discuntur
710 2828 744 2879 et
764 2830 991 2892 cognoscuntur
1005 2829 1110 2885 invita-

221 2936 326 2985 menta
334 2933 433 2986 inesse
446 2927 554 2999 quibus
565 2928 604 2984 ad
615 2928 796 2986 discendum
805 2933 1110 3006 cognoscendumque

161 3043 199 3093 53
221 3056 402 3094 moveamur.
441 3036 487 3092 Ac
502 3042 621 3093 veteres
636 3037 760 3107 quidem
775 3038 947 3111 philosophi
961 3045 995 3098 in
1010 3042 1110 3102 beato·

222 3171 288 3207 rum
303 3151 407 3208 insulis
423 3150 543 3220 fingunt
558 3149 654 3220 qualis
669 3151 771 3209 futura
788 3157 828 3210 sit
841 3157 904 3210 vita
918 3159 1108 3226 sapientium,

306 3240 364 3291 452
