2310 3682
458 260 608 319 CICERO
631 259 689 318 DE
711 257 879 317 FINIBUS

222 371 347 441 tatibus
366 377 433 427 tum
455 371 571 427 civibus
594 377 627 427 et
648 373 685 426 iis
708 372 760 439 qui
782 367 904 439 publice
925 369 999 423 socii
1020 373 1109 436 atque

222 482 311 534 amici
326 485 407 549 sunt,
423 478 536 536 deinde
551 482 646 536 totius
661 477 821 547 complexu
835 479 938 547 gentis
948 474 1116 541 humanae;

222 606 300 657 quae
315 591 407 643 animi
422 587 542 644 affectio
557 607 644 644 suum
660 591 769 657 cuique
784 586 921 643 tribuens
932 592 1025 653 atque
1036 582 1116 639 hanc
1137 640 1140 645 ,

222 714 313 766 quam
327 695 396 752 dico
411 701 590 754 societatem
608 698 830 753 coniunctionis
847 693 999 750 humanae
1017 695 1116 748 muni-

222 803 278 859 fice
294 811 327 860 et
346 824 442 874 aeque
463 812 553 861 tuens
573 808 690 862 iustitia
709 804 831 872 dicitur,
846 805 895 858 cui
917 808 989 859 sunt
1008 800 1115 857 adiun-

223 910 291 960 ctae
311 908 419 975 pietas,
434 905 564 975 bonitas,
582 904 758 973 liberalitas,
776 904 960 973 benignitas,
978 905 1115 971 comitas

224 1023 363 1075 quaeque
392 1013 464 1062 sunt
492 1009 614 1075 generis
643 1005 789 1062 eiusdem.
834 1002 938 1074 Atque
967 1001 1043 1059 haec
1072 1005 1116 1058 ita

222 1107 356 1162 iustitiae
378 1110 499 1177 propria
520 1112 592 1163 sunt
613 1113 649 1162 ut
670 1108 732 1163 sint
757 1108 905 1161 virtutum
930 1102 1115 1173 reliquarum

162 1201 202 1260 66
225 1210 403 1263 communia.
449 1207 529 1262 Nam
544 1226 613 1264 cum
629 1210 670 1263 sic
690 1205 822 1279 hominis
839 1210 947 1260 natura
967 1210 1115 1273 generata

221 1308 261 1361 sit
276 1313 311 1362 ut
325 1305 438 1363 habeat
456 1306 603 1376 quiddam
620 1309 793 1376 ingenitum
812 1307 898 1375 quasi
914 1303 1004 1360 civile
1021 1310 1114 1373 atque

220 1405 375 1476 populare,
398 1406 480 1477 quod
507 1407 615 1463 Graeci
640 1403 795 1463 πολιτικόν
820 1411 939 1474 vocant,
965 1403 1113 1474 quidquid

160 1512 164 1519 '
220 1512 293 1574 aget
310 1525 448 1576 quaeque
468 1509 573 1577 virtus,
588 1506 620 1563 id
639 1527 657 1562 a
677 1492 895 1563 communitate
916 1511 948 1562 et
968 1523 1005 1561 ea
1024 1523 1114 1574 quam

221 1610 345 1675 exposui
361 1611 487 1664 caritate
502 1626 537 1664 ac
553 1611 699 1664 societate
711 1606 844 1663 humana
854 1625 917 1662 non
927 1603 1113 1674 abhorrebit,

221 1709 413 1777 vicissimque
428 1712 553 1778 iustitia,
569 1715 604 1764 ut
619 1712 684 1779 ipsa
699 1707 810 1764 fundet
825 1726 857 1763 se
872 1724 929 1763 usu
944 1709 976 1761 in
996 1687 1113 1762 ceteras

220 1816 359 1885 virtutes,
374 1819 417 1872 sic
432 1816 499 1874 illas
514 1824 649 1887 expetet.
695 1815 814 1874 Servari
828 1818 910 1872 enim
925 1817 1043 1871 iustitia
1057 1817 1113 1870 nisi

220 1921 324 1979 aforti
339 1927 412 1994 viro,
427 1929 485 1981 nisi
505 1945 523 1981 a
543 1928 681 1995 sapiente
701 1944 764 1980 non
783 1929 894 1995 potest,
939 1921 1048 1993 Qualis
1067 1929 1112 1980 est

219 2034 313 2100 igitur
328 2036 425 2089 omnis
440 2032 516 2090 haec
532 2052 623 2103 quam
642 2033 711 2090 dico
731 2035 914 2104 conspiratio
934 2051 1110 2090 consensus-

219 2158 278 2207 que
293 2141 526 2210 virtutumstale
539 2149 587 2198 est
598 2140 675 2199 illud
685 2145 785 2212 ipsum
796 2140 976 2208 honestum3
991 2140 1110 2210 quando

219 2247 344 2317 quidem
361 2247 525 2306 honestum
545 2257 599 2307 aut
618 2254 683 2321 ipsa
703 2254 798 2306 virtus
818 2255 865 2306 est
884 2255 938 2305 aut
957 2268 1007 2306 res
1026 2256 1110 2320 gesta

219 2360 348 2425 virtute3
371 2358 479 2427 quibus
494 2358 585 2416 rebus
600 2362 663 2415 vita
676 2362 872 2416 consentiens
886 2359 1108 2429 virtutibusque

218 2465 406 2536 respondens
421 2474 505 2523 recta
520 2475 552 2524 et
566 2466 696 2524 honesta
716 2474 748 2524 et
767 2473 910 2528 constans
929 2473 963 2524 et
982 2474 1107 2524 naturae

219 2592 390 2643 congruens
406 2579 571 2632 existimari
585 2582 696 2646 potest.

158 2703 197 2769 67
263 2693 393 2778 “Atque
421 2706 497 2764 haec
526 2709 700 2763 coniunctio
732 2705 930 2779 confusioque
959 2715 1105 2773 virtutum

217 2825 322 2874 tamen
345 2837 363 2872 a
387 2813 575 2886 philosophis
599 2817 717 2870 ratione
743 2814 874 2884 quadam
896 2816 1103 2892 distinguitur.

216 2927 296 2983 Nam
316 2945 386 2982 cum
403 2927 447 2979 ita
464 2920 623 2992 copulatae
642 2941 858 2994 connexaeque
873 2929 936 2984 sint
950 2937 987 2987 ut
1002 2950 1103 2991 omnes

216 3037 353 3091 omnium
372 3033 536 3101 participes
559 3032 700 3095 sintnec
723 3029 782 3086 alia
802 3031 841 3088 ab
864 3032 923 3090 alia
944 3043 1042 3106 possit
1060 3061 1102 3099 se.

217 3145 450 3281 pararibtamen
472 3140 628 3213 proprium
649 3158 736 3200 suum
756 3143 901 3216 cuiusque
920 3162 1033 3207 munus
1050 3154 1102 3218 est,

297 3231 316 3280 4
340 3229 356 3280 8
